@article{Tar88,
  author =	 {Tarantola, A.},
  year =	 {1988},
  title =	 {Theoretical background for the inversion of seismic waveforms, including elasticity and attenuation},
  journal =	 {Pure and Applied Geophysics},
  volume =	 {128},
  number =	 {1/2},
  pages =	 {365-399}
}

@article{Tar84,
  author =	 {Tarantola, A.},
  year =	 {1984},
  title =	 {Linearized inversion of seismic reflection data},
  journal =	 {Geophysical Prospecting},
  volume =	 {32},
  pages =	 {998-1015}
}

@article{Mor87,
  author =	 {Mora, M.},
  year =	 {1987},
  title =	 {Nonlinear two-dimensional elastic inversion of multioffset data},
  journal =	 {Geophysics},
  volume =	 {52},
  number =	 {9},
  pages =	 {1211-1228}
}

@article{Vir09,
  author =	 {Virieux, J. and Operto, S.},
  year =	 {2009},
  title =	 {An overview of full-waveform inversion in exploration geophysics},
  journal =	 {Geophysics},
  volume =	 {74},
  number =	 {6},
  pages =	 {WCC1-WCC26}
}

@article{Fre00,
  author =	 {Freudenreich, Y. and Shipp, R.},
  year =	 {2000},
  title =	 {Full waveform inversion of seismic data: frequency versus time domain},
  journal =	 {Lithos science report},
  volume =	 {2},
  pages =	 {25-30}
}

@article{Vigh09,
  author =	 {Vigh, D. and Starr, E. W. and Kapoor, J.},
  year =	 {2009},
  title =	 {Developing earth models with full waveform inversion},
  journal =	 {The Leading Edge},
  pages =	 {432-435}
}

@article{Pra99,
  author =	 {Pratt, R. G.},
  year =	 {1999},
  title =	 {Seismic wavefrom inversion in the frequency domain, part 1: Theory and verification in a physical scale model},
  journal =	 {Geophysics},
  volume =	 {64},
  number =	 {3},
  pages =	 {888-901}
}

@Unpublished{Koe11,
  author =	 {K\"ohn, D.},
  year =	 {2011},
  title =	 {Time domain 2D elastic full waveform tomography},
note = 		 {dissertation, Christian-Albrechts-Universit\"at zu Kiel}
 }

@Unpublished{Bro00,
  author =	 {Brossier, R. and Virieux, J.},
  year =	 {2011},
  title =	 {Lecture notes on full waveform inversion},
note = {SEISCOPE Consortium, Grenoble, France},
}

@article{Sir04,
  author =	 {Sirgue, L. and Pratt, R. G.},
  year =	 {2004},
  title =	 {Efficient waveform inversion and imaging: A strategy for selecting temporal frequencies},
  journal =	 {Geophysics},
  volume =	 {69},
  number =	 {1},
  pages =	 {231-248}
}

@inproceedings{Sir08,
  author =	 {Sirgue, L. and Etgen, J.T. and Albertin, U.},
  year =	 {2008},
  title =	 {3D frequency domain waveform inversion using time domain finite difference methods},
  booktitle =	 {Extended Abstracts, 70th EAGE meeting},
  address = 	 {Rome, Italy},
  note =  	 {F022}
 }

@article{Jai09,
  author =	 {Jaiswal, P. and Zelt, C.A. and Dasgupta, R. and Nath, K.},
  year =	 {2009},
  title =	 {Seismic imaging of the Naga thrust using multiscale waveform inversion},
  journal =	 {Geophysics},
  volume =	 {74},
  number =	 {6},
  pages =	 {WCC129-WCC140}
}

@article{boh02,
  author =	 {Bohlen, T.},
  year =	 {2002},
  title =	 {Parallel 3-{D} viscoelastic finite difference seismic modeling},
  journal =	 {Computers and Geoscience},
  volume =	 {28},
  pages =	 {887-889}
}

@article{Kom07,
  author =	 {Komatitsch, D. and Martin, R.},
  year =	 {2007},
  title =	 {An unsplit convolutional perfectly matched layer improved at grazing incidence for the seismic wave equation},
  journal =	 {Geophysics},
  volume =	 {72},
  number =	 {5},
  pages =	 {SM155-SM167}
}

@inproceedings{Kur09,
  author =	 {Kurzmann, A. and K\"ohn, D. and Przebindowska, A. and Nguyen, N. and Bohlen, T.},
  year =	 {2009},
  title =	 {{2D} acoustic full waveform tomography: performance and optimization},
  booktitle =	 {Extended Abstracts,71th EAGE meeting},
 address =      {Amsterdam, Netherlands},
 note =  	 {}
}

@article{Tak11,
  author =	 {Takam Takougang, E. M. and Calvert, A. J.},
  year =	 {2011},
  title =	 {Case History Application of waveform tomography to marine seismic reflection data from the Queen Charlotte Basin of western Canada},
  journal =	 {Geophysics},
  volume =	 {76},
  number =	 {2},
  pages =	 {B55-B70}
}


@article{Bre07,
  author =	 {Brenders, A. J. and Pratt, R. G.},
  year =	 {2007},
  title =	 {Efficient waveform tomography for lithospheric imaging: implications for realistic, two-dimensional acquisition geometries and low-frequency data},
  journal =	 {Geophysics},
  volume =	 {168},
  pages =	 {152-170}
}


@article{Sir10,
  author =	 {Sirgue, L. and Barkved, O.I. and Dellinger, J. and Etgen, J.and Albertin, U. and Kommedal, J.H.},
  year =	 {2010},
  title =	 {Full waveform inversion: the next leap forward in imaging at Valhall},
  journal =	 {First Break},
  volume =	 {28},
  pages =	 {65-70}
}

@article{Emm97,
  author =	 {Emmermann, R. and Lauterjung, J.},
  year =	 {1997},
  title =	 {The German Continental Deep Drilling Program KTB: Overview and major results},
  journal =	 {Journal of Geophysical Research},
  volume =	 {102},
  number =	 {B8},
  pages =	 {18,179-18,201}
}


@article{Kne95,
  author =	 {Kneib, G.},
  year =	 {1995},
  title =	 {The statistical nature of the upper continental crystalline crust derived from in situ seismic measurements},
  journal =	 {Geophysical Journal International},
  volume =	 {122},
  pages =	 {594-616}
}

@article{Mue01,
  author =	 {Mueller, T. B. and Shapiro, S. A.},
  year =	 {2001},
  title =	 {Seismic scattering attenuation estimates for the German KTB area derived from well-log statistics},
  journal =	 {Geophysical Research Letters},
  volume =	 {28},
  number =	 {19},
  pages =	 {3761-3764}
}

@inproceedings{Eti12,
  author =	 {Etienne, V. and Hu, G. and Operto, S. and Virieux, J. and Barkved, O.I. and Kommedal J.H.},
  year =	 {2012},
  title =	 {Three-dimensional Acoustic Full Waveform Inversion - Algorithm and Application to Valhall},
  booktitle =	 {Extended Abstracts, 74th EAGE meeting},
 address =       {Copenhagen, Denmark},
 note = 	 {P343}
}

@article{Ple09,
  author =	 {Plessix, R.-E.},
  year =	 {2009},
  title =	 {Three-dimensional frequency-domain full-waveform inversion with an iterative solver},
  journal =	 {Geophysics},
  volume =	 {74},
number =	 {6},
  pages =	 {WCC149-WCC157}
}

@article{Vig11,
  author =	 {Vigh, D. and Kapoor, J. and Moldoveanu, N. and Li, H.},
  year =	 {2011},
  title =	 {Breakthrough acquisition and technologies for subsalt imaging},
  journal =	 {Geophysics},
  volume =	 {76},
number =	 {5},
  pages =	 {WB41-WB51}
}

@article{Epa08,
  author =	 {Epanomeritakis, I. and Akcelik, V. and Ghattas, O. and Bielak, J.},
  year =	 {2008},
  title =	 {A Newton-CG method for large-scale three-dimensional elastic full-waveform seimic inversion},
  journal =	 {Inverse Problems},
  volume =	 {24},
  pages =	 {26pp}
}

@article{She06,
  author =	 {Sheen, D.-H. and Tuncay, K. and Baag, C.-E. and Ortoleva, P.J.},
  year =	 {2006},
  title =	 {Time domain Gauss-Newton seismic waveform inversion in elastic media},
  journal =	 {Geophysical Journal International},
  volume =	 {167},
  pages =	 {1373-1384}
}

@inproceedings{Gro12,
  author =	 {Groos, L. and Sch\"afer, M. and Forbriger, T. and Bohlen, T.},
  year =	 {2012},
  title =	 {On the significance of viscoelasticity in a 2D full waveform inversion of shallow seismic surface waves},
  booktitle =	 {Extended Abstracts, 74th EAGE meeting},
 address =       {Copenhagen, Denmark},
  note = 	 {C011}
}

@article{Pic90,
  author =	 {Pica, A. and Diet, J.P. and Tarantola, A.},
  year =	 {1990},
  title =	 {Nonlinear inversion of seismic reﬂection data in a laterally invariant medium},
  journal =	 {Geophysics},
  volume =	 {55},
number =	 {3},
  pages =	 {284-292}
}

@article{Pra98,
  author =	 {Pratt, R.G. and Chin, C. and Hicks, G.J.},
  year =	 {1998},
  title =	 {Gauss-Newton and full Newton methods in frequency-space seismic wavefrom inversion},
  journal =	 {Geophysical Journal International},
  volume =	 {133},
  pages =	 {341-362}
}

@article{Shi02,
  author =	 {Shipp, R.M. and Singh, S.C.},
  year =	 {2002},
  title =	 {Two-dimensional full waveﬁeld inversion of wide aperture marine seismic streamer data},
  journal =	 {Geophysical Journal International},
  volume =	 {151},
  pages =	 {325-344}
}

@article{Koe12,
  author =	 {K\"ohn, D. and De Nil, D. and Kurzmann, A. and Przebindowska, A. and Bohlen, T.},
  year =	 {2012},
  title =	 {On the influence of model parametrization in elastic full waveform tomography},
  journal =	 {Geophysical Journal International},
  volume =	 {191},
  pages =	 {325-345}
}

@article{Fic09,
  author =	 {Fichtner, A. and Kennett, B.L.N. and Igel, H. and Bunge, H.-P.},
  year =	 {2009},
  title =	 {Full seismic waveform tomography for upper-mantle structure in the Australasian region using adjoint methods},
  journal =	 {Geophysical Journal International},
  volume =	 {179},
  pages =	 {1703-1725}
}

@article{Che07,
  author =	 {Chen, P. and Zhao, L. and Jordan, T.H.},
  year =	 {2007},
  title =	 {Full 3D tomography for the crustal structure of the Los Angeles region},
  journal =	 {Bulletin of the Seismological Society of America},
  volume =	 {97},
number =	 {4},
  pages =	 {1094-1120}
}

@article{Tap10,
  author =	 {Tape, C. and Liu, Q.Y. and Maggi, A. and Tromp, J.},
  year =	 {2010},
  title =	 {Seismic tomography of the southern California crust based on spectral-element and adjoint methods},
  journal =	 {Geophysical Journal International},
  volume =	 {180},
  pages =	 {433-462}
}

@inproceedings{Pyu08,
  author =	 {Pyun, S. and Shin, C. and Lee, H. and Yang, D.},
  year =	 {2008},
  title =	 {3D Elastic Full Waveform Inversion In the Laplace Domain},
  booktitle =	 {Extended Abstract, SEG Annual Meeting},
 address =       {Las Vegas, Nevada},
  note = 	 {2008-1976}
 }


@article{Vir86,
  author =	 {Virieux, J.},
  year =	 {1986},
  title =	 {P-SV wave propagation in heterogeneous media: velocity-stress finite difference method},
  journal =	 {Geophysics},
  volume =	 {51},
number =	 {4},
  pages =	 {889-901}
}



@article{Zha12,
  author =	 {Zhang, F. and Juhlin, C. and Cosma, C. and Tryggvason, A. and Pratt, R.G.},
  year =	 {2012},
  title =	 {Cross-well seismic waveform tomography for monitoring $CO_2$ injection: a case study fom the Ketzin Site, Germany},
  journal =	 {Geophysical Journal International},
  volume =	 {189},
  pages =	 {629-646}
}

@article{Pra05,
  author =	 {Pratt, R.G. and Hou, F. and Bauer, K. and Weber, M.},
  year =	 {2005},
  title =	 {Cross-well seismic waveform tomography for monitoring $CO_2$ injection: a case study fom the Ketzin Site, Germany},
  journal =	 {in Scientific Results from the Mallik 2002 Gas Hydrate Production Research Well Program, Mackenzie Delta, Northwest Territories, Canada},
  volume =	 {585}, 
  pages =	 {14p},
publisher = {Geological Survey of Canada Bulletin},
editor = {S.R. Dallimore and T.S: Collett}
}

@article{Zhu09,
  author =	 {Zhu, H. and Luo, Y. and Nissen-Meyer, T. and Morency, C. and Tromp, J.},
  year =	 {2009},
  title =	 {Elastic imaging and time-lapse migration based on adjoint methods},
  journal =	 {Geophysics},
  volume =	 {74},
  number =	 {6},
  pages =	 {WCA167-WCA177}
}

@article{Byr95,
  author =	 {Byrd, R. and Lu, P. and Nocedal, J. and Zhu, C. },
  year =	 {1995},
  title =	 {A limited memory algorithm for bound constrained optimization},
  journal =	 {SIAM Journal on Scientific and Statistical Computing},
  volume =	 {16},
  number =	 {5},
  pages =	 {1190-1208}
}

@article{Bro09,
  author =	 {Brossier, R. and Operto, S. and Virieux, J.},
  year =	 {2009},
  title =	 {Seismic imaging of complex onshore structures by 2D elastic frequency-domain full-waveform inversion},
  journal =	 {Geophysics},
  volume =	 {74},
  number =	 {6},
  pages =	 {WCC105-WCC118}
}


@inproceedings{Lai83,
  author =	 {Lailly, P.},
  year =	 {1983},
  title =	 {The seismic inverse problem as a sequence of before stack migrations},
  booktitle =	 {Conference on Inverse scattering, Theory and application, Society for Industrial and Applied Mathematics},
 address =       {Philadelphia},
  note = 	 {206-220}
 }

@article{Nih07,
  author =	 {Nihei, K. T. and Li, X.},
  year =	 {2007},
  title =	 {Frequency response modelling of seismic waves using finite difference time domain with phase sensitive detection (TD–PSD)},
  journal =	 {Geophysical Journal International},
  volume =	 {169},
  pages =	 {1069-1078}
}

@inproceedings{Sir10b,
  author =	 {Sirgue, L. and Etgen, T.J. and Albertin, U. and Brandsberg-Dahl, S.},
  year =	 {2010},
  title =	 {System and method for 3D frequency domain waveform inversion based on 3D time-domain forward modeling},
  booktitle =	 {United States Patent},
  note = 	 {US 7,725,266 B2}
 }

@inproceedings{Cas11,
  author =	 {Castellanos, C. and Etienne, V. and Hu, G. and Operto, S. and Brossier, R. and Virieux, J.},
  year =	 {2011},
  title =	 {Algorithmic and methodological developments towards full waveform inversion in 3D elastic media},
  booktitle =	 {Extended Abstract, SEG Annual Meeting},
 address =       {San Antonio},
  note = 	 {2793-2797}
 }

@phdthesis{Kur12,
  author =       {Kurzmann, A.},
  year =         {2012},
  title =        {{A}pplications of 2{D} and 3{D} full waveform tomography in acoustic and viscoacoustic complex media},
  school =       {Karlsruhe Institute of Technology}
}

@article{Lev88,
  author =	 {Levander, A.R.},
  year =	 {1988},
  title =	 {Fourth-order finite-difference P-SV seismograms},
  journal =	 {Geophysics},
  volume =	 {53},
  pages =	 {1425-1436}
}

@article{Ple06,
  author =	 {Plessix, R.-E.},
  year =	 {2006},
  title =	 {A review of the adjoint-state method for computing the gradient of a functional with geophysical applications},
  journal =	 {Geophysical Journal International},
  volume =	 {167},
  pages =	 {495-503}
}

@article{Shi01,
  author =	 {Shin, C. and Jang, S. and Min, D.-J.},
  year =	 {2001},
  title =	 {Improved amplitude preservation for prestack depth migration by inverse scattering theory},
  journal =	 {Geophysical Prospecting},
  volume =	 {49},
  pages =	 {592-606}
}

@article{Ope07,
  author =	 {Operto, S. and Virieux, J. and Amestoy, P. and L’Excellent, J.-Y. and Giraud, L. and  Ben Hadj Ali, H.},
  year =	 {2007},
  title =	 {3D finite-difference frequency-domain modeling of visco-acoustic wave propagation using a massively parallel direct solver: A feasibility study},
  journal =	 {Geophysics},
  volume =	 {72},
number =	 {5},
  pages =	 {SM195-SM211}
}

@article{Mue01,
  author =	 {M\"ueller, T. M. and Shapiro, S.A.},
  year =	 {2001},
  title =	 {Seismic scattering attenuation estimates for the German KTB area derived from well-log statistics},
  journal =	 {Geophysical Research Letters},
  volume =	 {28},
number =	 {19},
  pages =	 {3761-3764}
}

@article{Sea08,
  author =	 {Sears, T. and Singh, S. and Barton, P.},
  year =	 {2008},
  title =	 {Elastic full waveform inversion of multi-component OBC seismic data},
  journal =	 {Geophysical Prospecting},
  volume =	 {56},
  pages =	 {843-862}
}

@article{War13,
  author =	 {Warner, M. and Ratcliffe, A. and Nangoo, T. and Morgan, J. and Umpleby, A. and Shah, N. and Vinje, V. and \v{S}tekl, I. and Guasch, L. and Win, C. and Conroy, G. and Bertrand, A.},
  year =	 {2013},
  title =	 {Anisotropic 3D full-waveform inversion},
  journal =	 {Geophysics},
  volume =	 {78},
number =	 {2},
  pages =	 {R59-R80}
}

@inproceedings{Gua12,
  author =	 {Guasch, L. and Warner, M. and Nangoo,T. and Morgan,J. and Umpleby, A. and Stekl, I. and Shah, N.},
  year =	 {2012},
  title =	 {Elastic 3D full-waveform inversion},
  booktitle =	 {Extended Abstract, SEG Annual Meeting},
 address =       {Las Vegas, Nevada}
 }

@article{For97,
  author =	 {Forgues, E. and Lambar\'{e}, G.},
  year =	 {1997},
  title =	 {Parametrization study for acoustic and elastic ray + Born inversion},
  journal =	 {Journal of Seismic Exploration},
  volume =	 {6},
  pages =	 {253-277}
}

@article{Tar86,
  author =	 {Tarantola, A.},
  year =	 {1986},
  title =	 {A strategy for nonlinear elastic inversion of seismic reflection data},
  journal =	 {Geophysics},
  volume =	 {51},
  number =	 {10},
  pages =	 {1893-1903}
}

@article{Met12,
  author =	 {M\'{e}tevier, L. and Brossier, R. and Virieux, J. and Operto, S.},
  year =	 {2012},
  title =	 {The truncated Newton method for full waveform inversion},
  journal =	 {Journal of Physics: Conference Series},
  volume =	 {386}
 }

@article{Fic11,
  author =	 {Fichtner, A. and Trampert, J.},
  year =	 {2011},
  title =	 {Hessian kernels of seismic data functionals based upon adjoint techniques},
  journal =	 {Geophysical Journal International},
  volume =	 {185},
  pages =	 {775-798}
}

@article{Sym07,
  author =	 {Symes, W. W.},
  year =	 {2007},
  title =	 {Reverse time migration with optimal checkpointing},
  journal =	 {Geophysics},
  volume =	 {72},
  number =	 {5},
  pages =	 {SM213-SM221}
}

@article{Bro11,
  author =	 {Brossier, R.},
  year =	 {2011},
  title =	 {Two-dimensional frequency-domain visco-elastic full waveform inversion: parallel algorithms, optimization and performance},
  journal =	 {Computers and Geosciences},
  volume =	 {37},
  pages =	 {444-455}
}

@article{Cou67,
  author =       {Courant, R. and Friedrichs, K. and Lewy, H.},
  year =         {1967},
  title =        {{O}n the partial differential equations of mathematical physics},
  journal =      {IBM Journal},
  volume =       {11},
  number =       {2},
  pages =        {215-234}
}

@article{Bro10,
  author =	 {Brossier, R. and Operto, S. and Virieux, J.},
  year =	 {2010},
  title =	 {Which data residual norm for robust elastic frequency-domain full waveform inversion?},
  journal =	 {Geophysics},
  volume =	 {75},
  number =	 {3},
  pages =	 {R37-R46}
}

@inproceedings{Mas13,
  author =	 {Masoni, I. and Brossier, R. and Virieux, J. and Boelle, J.L. },
  year =	 {2013},
  title =	 {Alternative misfit functions for FWI applied to surface waves},
  booktitle =	 {Extended Abstracts, 75th EAGE meeting},
 address =       {London, UK},
  note = 	 {Th P10 13}
}

@article{Bun95,
  author =	 {Bunks, C. and Saleck, F.M. and Zaleski, S. and Chavent, G.},
  year =	 {1995},
  title =	 {Multiscale seismic waveform inversion},
  journal =	 {Geophysics},
  volume =	 {60},
  number =	 {5},
  pages =	 {1457-1473}
}

@article{Gau86,
  author =	 {Gauthier, O. and Virieux, J. and Tarantola, A.},
  year =	 {1986},
  title =	 {Two-dimensional nonlinear inversion of seismic waveforms: numerical results},
  journal =	 {Geophysics},
  volume =	 {51},
  number =	 {7},
  pages =	 {1387-1403}
}

@article{Cer85,
  author =	 {Cerjan, C. and Kosloff, D. and Kosloff, R. and Reshef, M.},
  year =	 {1985},
  title =	 {A nonreflecting boundary condition for discrete acoustic and elastic wave equations},
  journal =	 {Geophysics},
  volume =	 {50},
  number =	 {4},
  pages =	 {705-708}
}

@article{Ber94,
  author =	 {Berenger, J.},
  year =	 {1994},
  title =	 {A perfectly matched layer for the absorption of electromagnetic waves},
  journal =	 {Journal of Computational Physics},
  volume =	 {114},
  pages =	 {185-200}
}

@Unpublished{But15,
  author =	 {Butzer, S.},
  year =	 {2015},
  title =	 {3D elastic time-frequency full-waveform inversion},
note = 		 {dissertation, Karlsruhe Institute of Technology}
 }
 
 @inproceedings{Noc99,
  author =	 {Nocedal, J. and Wright, S. J.},
  year =	 {1999},
  title =	 {Numerical optimisation},
  booktitle =	 {Springer series in operations research},
 address =       {Springer-Verlag New York}
}

@Book{pre90,
  Author         = {W.H. Press and S.A. Teukolsky and W.T. Vetterling and
                   B.P. Flannery},
  Title          = {Numerical Recipes in C},
  Publisher      = {Cambridge University Press},
  Address        = {Cambridge},
  year           = {1990}  
}

@article{But13,
  author =	 {Butzer, S. and Kurzmann, A. and Bohlen, T.},
  year =	 {2013},
  title =	 {3{D} elastic full-waveform inversion of small-scale heterogeneities in transmission geometry},
  journal =	 {Geophysical Prospecting},
  volume =	 {61},
  number =	 {6},
  pages =	 {1238-1251}
}