@string{AA = {Arch"aologischer Anzeiger}}
@string{G = {Geology}}
@string{EC = {Econ. Geol.}}
@string{Geo = {Geophysics}}
@string{GP = {Geophys. Prosp.}}
@string{GRL = {Geophys. Res. Lett.}}
@string{JGR = {J. Geophys. Res.}}
@string{GJI = {Geophysical J. Internat.}}
@string{GJRAS = {Geophys. J. R. astr. Soc.}}
@string{LE = {The Leading Edge}}
@string{FB = {First Break}}
@string{SEG = {Ann. Internat. Mtg. of Soc. Expl. Geophys., Expanded Abstracts}}
@string{BSSA = {Bull., Seis Soc. Am.}}
@string{EAGE = {Eur. Assn. Explor. Geosci. Eng., Expanded Abstracts}}
@string{JASA = {J. Acoust. Soc. Am. }}
@string{JG = {J. Geophys.}}
@string{JSE = {Journal of Seismic Exploration}}
@string{JGGE = {Journal of Geotechnical and Geoenvironmental Engineering}}
@string{EJEEG = {European Jpurnal of Environmental and Engineering Geophysics}}
@string{PEPI = {Phys. Earth Plan. Int.}} % Physics of the Earth and Planetary Interiors
@string{PAGEOPH = {Pure Appl. Geophys.}} 
@string{JAP = {J. {A}ppl. {P}hys.}}
@string{JAGP = {J. {A}ppl. {G}eophys.}}
@string{CG = {Comput. and Geosci.}}
@string{EAGE99 = {61st Ann. Internat. Mtg., Eur. Assn. Geosci. Eng., Expanded Abstracts}}
@string{EAGE00 = {62nd Ann. Internat. Mtg., Eur. Assn. Geosci. Eng., Expanded Abstracts}}
@string{EAGE01 = {63rd Ann. Internat. Mtg., Eur. Assn. Geosci. Eng., Expanded Abstracts}}
@string{EAGE02 = {64th Ann. Internat. Mtg., Eur. Assn. Geosci. Eng., Expanded Abstracts}}
@string{EAGE03 = {65th Ann. Internat. Mtg., Eur. Assn. Geosci. Eng., Expanded Abstracts}}

@string{SEG98 = {69th Ann. Internat. Mtg., Soc. Expl. Geophys., Expanded Abstracts}}
@string{SEG99 = {70th Ann. Internat. Mtg., Soc. Expl. Geophys., Expanded Abstracts}}
@string{SEG00 = {71st Ann. Internat. Mtg., Soc. Expl. Geophys., Expanded Abstracts}}
@string{SEG01 = {72nd Ann. Internat. Mtg., Soc. Expl. Geophys., Expanded Abstracts}}
@string{SEG02 = {73rd Ann. Internat. Mtg., Soc. Expl. Geophys., Expanded Abstracts}}
@string{SEG03 = {74th Ann. Internat. Mtg., Soc. Expl. Geophys., Expanded Abstracts}}

@article{shin2001efficient,
  title={Efficient calculation of a partial-derivative wavefield using reciprocity for seismic imaging and inversion},
  author={Shin, Changsoo and Yoon, Kwangjin and Marfurt, Kurt J and Park, Keunpil and Yang, Dongwoo and Lim, Harry Y and Chung, Seunghwan and Shin, Sungryul},
  journal={Geophysics},
  volume={66},
  number={6},
  pages={1856--1863},
  year={2001},
  publisher={Society of Exploration Geophysicists}
}
@article{plessix2004frequency,
  title={Frequency-domain finite-difference amplitude-preserving migration},
  author={Plessix, R-E and Mulder, WA},
  journal={Geophysical Journal International},
  volume={157},
  number={3},
  pages={975--987},
  year={2004},
  publisher={Oxford University Press}
}

@book{aki:80,
   AUTHOR = {Aki, K. and Richards, P.G. },
   TITLE = {Quantitative seismology},
   PUBLISHER = {W.H. Freeman and Company},
   YEAR = 1980}

@book{achenback:73,
   AUTHOR = {Achenback},
   TITLE = {Wave propagation in elastic solids},
   PUBLISHER = {North-Holland Publ. Comp., Amsterdam},
   YEAR = 1973}
   
@article{amundsen:94,
   author={Amundsen, {L.} and Reitan, {A.}},
   year={1994},
   title={Transformation from 2-D to 3-D wave propagation for horizontally layered media},
   journal={Geophysics},
   volume={59},
   number={12},
   pages={1920--1926} }

@book{ben-menahem:81,
   AUTHOR = {Ben-Menahem, A. and Singh, S.J.},
   TITLE = {Seismic waves and sources},
   PUBLISHER = {Springer, Heidelberg},
   YEAR = 1981}
   
@book{Ewing:57,
   AUTHOR = {Ewing, M.S. and Jardetzky, W.S. and Press, F.},
   TITLE = {Elastic waves in layered media},
   PUBLISHER = {McGraw-Hill Book Comp., New York},
   YEAR = 1957} 
   
@book{landau:77,
   AUTHOR = {Landau, L.D. and Lifschitz, E.M.},
   TITLE = {Elastizit"atstheorie},
   PUBLISHER = {Akademischer Verlag, Berlin},
   YEAR = 1977}
   
@book{mueller:94,
   AUTHOR = {M"uller, G.},
   TITLE = {Theorie elastischer Wellen},
   PUBLISHER = {Vorlesungsskript, Universit"at Frankfurt},
   YEAR = 1994}

@article{aldridge:92,
   AUTHOR = {Aldridge, {D.F.} and Oldenburg, {D.W.}},
   TITLE = {Refractor imaging using an automated wavefront 
            reconstruction method},
   JOURNAL = Geo,
   YEAR = 1992,
   VOLUME = 57,
   NUMBER = 3,
   PAGES = {378--385} }

@article{alford:74,
   AUTHOR = {Alford, {R.M.} and Kelly, {K.R.} and Boore, {D.M.} },
   TITLE = {Accuracy of finite-difference modeling of the acoustic
	    wave equation},
   JOURNAL = {Geophysics},
   YEAR = 1974,
   VOLUME = 39,
   NUMBER = 6,
   PAGES = {834--842} }

@article{alterman:68,
	AUTHOR = {Alterman, {Z.} and Karal, {F.C.}},
	TITLE = {Propagation of elastic waves in layered media by finite 
		difference methods},
	JOURNAL = BSSA,
	YEAR = 1968,
	VOLUME = 58,
	PAGES = {367--398}  }

@article{alterman:69,
	AUTHOR = {Alterman, {Z.} and Rotenberg, {A.} },
	TITLE = {Seismic waves in quarter plane},
	JOURNAL = BSSA,
	YEAR = 1969,
	VOLUME = 59,
	PAGES = {347--368}  }

@article{amdahl:67,
	AUTHOR = {Amdahl, {G.M.}},
	TITLE = {{V}alidity of the single processor approach to 
		achieving large scale computing },
	JOURNAL = {AFIPS Proc. of the SJCC},
	YEAR = 1967,
	VOLUME = {31},
	PAGES = {483-485}  }

@article{anderson:78,
	AUTHOR = {Anderson, {D.L.} and Hart, {R.S.} },
	TITLE = {{Q} of the {E}arth},
	JOURNAL = JGR,
	YEAR = 1978,
	VOLUME = {83-B12},
	PAGES = {5869}  }

@inproceedings{amundsen:94a,
   author={Amundsen, Lasse and  Reitan, Arne},
   year={1994a},
   title={The relationship between 2-D and 3-D wave propagation},
   booktitle={64th Annual Internat. Mtg., Soc. Expl. Geophys., Expanded 
              Abstracts},
   volume={94},
   pages={1378-1381}}

@article{amundsen:94b,
     author={Amundsen, L. and  Reitan, A.},
     year={1994b},
     title={Transformation from 2-D to 3-D wave propagation for horizontally    
     layered media (short note)},
     journal={Geophysics},
     volume={59},
     number={12},
     pages={1920-1926}}

@article{amundsen:94c,
	AUTHOR = {{A}mundsen, {L} and {M}ittet, {R.} },
	TITLE = {{E}stimation of phase velocities and {Q}-factors
                 from zero-offset, vertical seismic profile data},
	JOURNAL = Geo,
	YEAR = {1994c},
	VOLUME = {59},
        NUMBER = 4,
	PAGES = {500--517}  }

@article{aoi:99,
   AUTHOR = {Aoi, {S.} and Fujiwara, {H.}},
   TITLE = {3D Finite-Difference Method Using Discontinuous Grids},
   JOURNAL = BSSA,
   YEAR = 1999,
   VOLUME = 89,
	NUMBER = 4,
   PAGES = {918--930} }

@article{assous:89,
   AUTHOR = {Assous, {F.} and Chalindar, {B.} and Collino, {F.}},
   TITLE = {Nonlinear Elastic Inversion of Prestack Marine Seismic Data},
   JOURNAL = {Proceedings of the IEEE},
   YEAR = 1989,
   VOLUME = 77,
   NUMBER = 6,
   PAGES = {877--890} }


@mastersthesis{behrens:97,
   AUTHOR = {Behrens, O.},
   TITLE = {Die {B}estimmung der seismischen {G}"ute nach der {M}ethode des
            analytischen {S}ignals, angewandt auf refraktionsseismische {D}aten
           in der {I}ngenieurgeophysik},
   SCHOOL = {{U}niversit"at Kiel},
   YEAR = {1997} }

@article{bergmann:96,
   AUTHOR = {Bergmann, T. and Robertsson, J.O.A. and Holliger, K.},
   TITLE = {Numerical properties of staggered finite-difference solutions of
            {M}axwell's equations for ground-penetrating radar modeling},
   JOURNAL = GRL,
   YEAR = 1996,
   VOLUME = 23,
   NUMBER = 1,
   PAGES = {45--48} }

@article{benhadj:2008,
   AUTHOR = {Ben-{H}adj-{Ali}, {H.} and Operto, {S.} and Virieux, {J.}},
   TITLE = {Velocity model-building by 3{D} frequency-domain full-waveform inversion of
            wide-aperture seismic data},
   JOURNAL = {Geophysics},
   YEAR = 2008,
   VOLUME = 73,
   NUMBER = 5,
   PAGES = {101--117} }

@article{bickel:93,
   AUTHOR = {Bickel, S.H.},
   TITLE = {Similarity and the inverse Q filter: The Pareto-Levy stretch},
   JOURNAL = Geo,
   YEAR = 1993,
   VOLUME = 58,
   NUMBER = 11,
   PAGES = {1629--1633} }

@article{biot:56,
   AUTHOR = {Biot, M.A.},
   TITLE = {Theory of propagation of elastic waves in a fluid-saturated
            porous solid. i. low-frequency range, ii. higher frequency range.},
   JOURNAL = JASA,
   YEAR = 1956,
   VOLUME = 28,
   PAGES = {168--191} }

@article{best:95,
   AUTHOR = {Best, A.I. and McCann, C.},
   TITLE = {Seismic attenuation and pore-fluid viscosity in 
           clay-rich reservoir sandstones},
   JOURNAL = Geo,
   YEAR = 1995,
   VOLUME = 60,
   NUMBER = 5,
   PAGES = {1386--1397} }

@conference{blanch:93,
   AUTHOR = {Blanch, {J.O.} and Robertsson, {J.O.A} and  
            Symes, {W.W.}},
   TITLE = {{V}iscoelastic {F}inite {D}ifference {M}odeling},
   BOOKTITLE = SEG,
   ADDRESS = {{W}ashington, {D.C.}},
   YEAR = {1993},
   PAGES = {990--993} }

@article{blanch:95,
   AUTHOR = {Blanch, J.O. and Robertsson, J.O.A. and Symes, W.W.},
   TITLE = {Modeling of a constant {Q}: Methodology and algorithm for an 
	    efficient and optimally inexpensive viscoelastic technique},
   JOURNAL = {Geophysics},
   YEAR = 1995,
   VOLUME = 60,
   NUMBER = 1,
   PAGES = {176--184} }

@phdthesis{blanch:95a,
	AUTHOR = {Blanch, J.O.},
        TITLE = {A study of viscous effects in seismic modeling, imaging,
                 and inversion: methodology, computational aspects, and
                 sensitivity},
        SCHOOL = {{R}ice {U}niversity, {H}ouston, {T}exas},
        YEAR = {1995} }

@article{blanch:97,
   AUTHOR = {Blanch, J.O. and Robertsson, J.O.A.},
   TITLE = {A modified Lax-Wendroff correction for wave propagation in media
            decribed by Zener elements},
   JOURNAL = {GJI},
   YEAR = 1997,
   VOLUME = 131,
   PAGES = {381--386} }

@article{bleistein:86,
   AUTHOR = {Bleistein, {N.}},
   TITLE = {Two-and-one-half dimensional in-plane wave propagation},
   JOURNAL = GP,
   YEAR = 1986,
   VOLUME = 34,
   PAGES = {686--703} }

@article{boltzmann:76,
	AUTHOR = {Boltzmann, L.},
	TITLE = {{Z}ur {T}heorie der elastischen {N}achwirkung},
	JOURNAL = {{P}oggendorfs's {A}nn. {P}hys. {C}hem.},
	YEAR = 1876,
	VOLUME = {{E}rg"anzungsband 7},
	PAGES = {624--654}  }

@mastersthesis{bohlen:94,
	AUTHOR = {Bohlen, T.},
        TITLE = {FD-Modellierung von {SH-W}ellen in 
                 oberfl"achennahen {S}edimenten},
        SCHOOL = {{U}niversit"at Kiel},
        YEAR = {1994} }

@phdthesis{bohlen:98,
	AUTHOR = {Bohlen, T.},
        TITLE = {Interpretation of Measured Seismograms by Means of
		  Viscoelastic Finite Difference Modelling},
        SCHOOL = {Kiel {U}niversity},
        YEAR = {1998} }


@article{bohlen:02,
        AUTHOR = {Bohlen, T.},
        TITLE = {Parallel {3-D} Viscoelastic Finite-Difference Seismic Modelling},
        JOURNAL = {Computers \& Geosciences},
        YEAR = 2002,
        VOLUME = {28},
        NUMBER = 8,
        PAGES= {887-899}}

@article{bohlen:04,
        AUTHOR = {Bohlen, T. and Kugler, S. and Klein G. and Theilen, F.},
        TITLE = {1.5-{D} Inversion of Lateral Variation of {S}cholte Wave Dispersion},
        JOURNAL = Geo,
        YEAR = 2004,
        VOLUME = 69,
	NUMBER = 2,
        PAGES= {330--344}}

@article{bohlen:06,
        AUTHOR = {Bohlen, T. and Saenger, E.H.},
        TITLE = {Accuracy of heterogeneous staggered-grid finite-difference modeling of {R}ayleigh waves},
        JOURNAL = Geo,
        YEAR = 2006,
        VOLUME = 71,
	NUMBER = 4,
        PAGES= {T109-T115}}


@incollection{boore:72,
   AUTHOR = {Boore, {D.M.}},
   TITLE = {Finite-difference methods for seismic wave propagation
	    in heterogeneous materials},
   BOOKTITLE = {Methods of computational physics},
   EDITOR = {Bolt, {B.A.}},
   VOLUME = 2,
   ADDRESS = {New York},
   PUBLISHER = {Academic Press}, 
   YEAR = 1972}

@inproceedings{bording:93,
   author={Bording, R. Phillip and  Liner, Christopher L.},
   year={1993},
   title={Some numerical aspects of the 2.5 dimensional wave equation},
   booktitle={63rd Annual Internat. Mtg., Soc. Expl. Geophys., Expanded    
             Abstracts},
   volume={93},
   pages={205-207}}

@article{brennan:77,
    AUTHOR = {Brennan, B.J. and Stacey, F.D.},
   TITLE = {Frequency dependence of elasticity of rock - test
	    of seismic velocity dispersion},
   JOURNAL = {Nature},
   YEAR = 1977,
   VOLUME = 268,
   PAGES = {220--222} }

@article{brenders:2007,
    AUTHOR = {Brenders, {A.J.} and Pratt, {R.G.}},
   TITLE = {Full waveform tomography for lithospheric imaging: results from a blind test in a realistic crustal model},
   JOURNAL = {Geophys. J. Int.},
   YEAR = 2007,
   VOLUME = 168,
   PAGES = {133--151} }

@phdthesis{bourbie:83,
    AUTHOR = {Bourbi\'{e}, T},
   TITLE = {Effects de l'attenuation sur les reflexions},
   SCHOOL = {Paris {U}niversity},
   YEAR = {1983} }

@book{bourbie:87,
    AUTHOR = {Bourbi\'{e}, T. and Coussy, C. and Zinszner, B.},
   TITLE = {Acoustics of Porous Media},
   YEAR = 1987,
   PUBLISHER = {Paris: Edition Technip.}}

@conference{brueckl:87,
    AUTHOR = {{B}r"uckl, {E.}},
   TITLE = {{R}efraktionsseismische {B}estimmung oberfl"achennaher
            {G}eschwindigkeiten},
   BOOKTITLE = {7. Mintrop-Seminar},
   YEAR = 1987,
   PAGES = {359--397} }

@article{bruestle:83,
    AUTHOR = {Br"ustle, W.. and M"uller, G.},
   TITLE = {Moment and duration of shallow earthquakes from Love-wave 
            modelling for regional distances},
   JOURNAL = PEPI,
   YEAR = 1983,
   VOLUME = 32,
   PAGES = {312--324} }

@article{brueckner:96,
    AUTHOR = {Br"uckner, H.},
   TITLE = {{G}eoarch"aologie an der t"urkischen {"A}g"aisk"uste},
   JOURNAL = {{G}eologische {R}undschau},
   YEAR = 1996,
   VOLUME = 48,
   PAGES = {568--574} }

@mastersthesis{bruhn:98,
	AUTHOR = {Bruhn, C.},
        TITLE = {FD-Wellenfrontenverfahren zur Inversion 
        refraktionsseismischer Daten am Beispiel des antiken L"owenhafens
        von Milet},
        SCHOOL = {{U}niversit"at Kiel},
        YEAR = {1998} }

@phdthesis{brossier:2009,
	AUTHOR = {Brossier, {R.}},
	TITLE = {{I}magerie sismique \'{a} deux dimensions des milieux
  visco-\'{e}lastiques par inversion des formes d'ondes :
  d\'{e}veloppements m\'{e}thodologiques et applications},
  SCHOOL = {{U}niversite de {N}ice - {S}ophia {A}ntipolis},
  YEAR = {2009} }

@incollection{burkhardt:86,
   AUTHOR = {Burkhardt, H. and Pfaffenholz, J. and Sch"utt, R.},
   TITLE = {Measurements of {Q} on natural samples in different frequency
            ranges},
   BOOKTITLE = {{DGMK}-Project: {A}bsorption of seismic waves},
   EDITORS = {Burkhardt, H. and Pfaffenholz, J. and Sch"utt, R.},
   VOLUME = 254,
   PUBLISHER = {{G}erman {S}ociety for {P}etroleum and {C}oal {C}hemistry},
   ADRESS = {{H}amburg},
   YEAR = 1986,
   PAGES = {203--236} }

@incollection{burkhardt:92,
   AUTHOR = {Burkhardt, H. and M\"orig, R. and Sch\"utt, R.},
   TITLE = {Laboratory investigations on rock samples to establish
	    further fundamentals for the lithological interpretation of
	    seismic measurements},
   BOOKTITLE = {{DGMK}-Project: {A}bsorption of seismic waves},
   VOLUME = 397,
   PUBLISHER = {{G}erman {S}ociety for {P}etroleum and {C}oal {C}hemistry},
   ADRESS = {{H}amburg},
   YEAR = 1992,
   PAGES = {241--280} }

@phdthesis{carcione:87,
	AUTHOR = {Carcione, J.M.},
        TITLE = {Wave {P}ropagation {S}imulation in {R}eal {M}edia},
        SCHOOL = {{T}el Aviv {U}niversity},
        YEAR = {1987} }

@article{carcione:88a,
	AUTHOR = {Carcione, J.M.  and  Kosloff, D.  and Kosloff, R.},
	TITLE = {Wave propagation simulation in a linear viscoacoustic medium},
	JOURNAL = GJRAS,
	YEAR = {1988},
	VOLUME = 93,
	PAGES = {393--407}  }
	       
@article{carcione:88b,
	AUTHOR = {Carcione, J.M.  and  Kosloff, D.  and Kosloff, R.},
	TITLE = {Viscoacoustic wave propagation simulation in the earth},
	JOURNAL = Geo,
	YEAR = {1988},
	VOLUME = 53,
	PAGES = {769--777} }

@article{carcione:88c,
	AUTHOR = {Carcione, J.M.  and  Kosloff, D.  and Kosloff, R.},
	TITLE = {Wave propagation simulation in a viscoelastic medium},
	JOURNAL = GJRAS,
        YEAR = {1988},
	VOLUME = 93,
	PAGES = {597 - 611} }

@article{carcione:93,
	AUTHOR = {Carcione, J.M.},
	TITLE = {Seismic modeling in viscoelastic media},
	JOURNAL = Geo,
	YEAR = 1993,
	VOLUME = 58,
	NUMBER = 1,
	PAGES = {110--120}  }

@article{carcione:94,
	AUTHOR = {Carcione, J.M.},
	TITLE = {Wavefronts in dissipative anisotropic media},
	JOURNAL = Geo,
	YEAR = 1994,
	VOLUME = 59,
	NUMBER = 4,
	PAGES = {644--657}  }

@article{carcione:95a,
	AUTHOR = {Carcione, J.M. and Cavallini, F.},
	TITLE = {Forbidden directions for inhomogeneous pure 
                 shear waves in dissipative anisotropic media},
	JOURNAL = Geo,
	YEAR = {1995a},
	VOLUME = 60,
	NUMBER = 2,
	PAGES = {522--530}  }

@article{carcione:95b,
	AUTHOR = {Carcione, J.M.},
	TITLE = {Constitutive model and wave equations for linear, viscoelastic, anisotropic media},
	JOURNAL = Geo,
	YEAR = {1995b},
	VOLUME = 60,
	NUMBER = 2,
	PAGES = {537--548}  }

@article{carcione:95c,
	AUTHOR = {Carcione, J.M. and Cavallini, F.},
	TITLE = {The generalized SH-wave equation},
	JOURNAL = Geo,
	YEAR = {1995c},
	VOLUME = 60,
	NUMBER = 2,
	PAGES = {549--555}  }

@article{cerjan:85,
	AUTHOR = {Cerjan, {C.} and Kosloff, {D.} and Kosloff, {R.} 
                  and Reshef, {M.}},
	TITLE = {A nonreflecting boundary condition for discrete acoustic
                 and elastic wave equations},
	JOURNAL = Geo,
	YEAR = {1985},
	VOLUME = 50,
	PAGES = {705--708}  }

@article{cerveny:82,
	AUTHOR = {\v{C}erven\'{y}, {V.} and Frangi\'{e}, {A.}},
	TITLE = {Effects of causal absorption on seismic body waves},
	JOURNAL = {Studia geoph. et geod.},
	YEAR = {1982},
	VOLUME = 24,
	PAGES = {238--253}  }

@book{cerveny:77,
	AUTHOR = {\v{C}erven\'{y}, {V.} and Molotkov, I. 
                  and P\v{s}en\v{c}\'{i}k, {I.}},
	TITLE = {Ray Methods in Seismology},
	PUBLISHER = {University Karbva, Praha},
	YEAR = {1977}}

@article{chen:84,
	AUTHOR = {{C}hen, {K}.},
	TITLE = {Numerical modeling of elasic wave propagation in anisotropic
	inhomogeneous media: a finite element approach},
	JOURNAL = SEG,
	YEAR = {1984},
	PAGES = {631--632}  }

@article{choi:2008,
	AUTHOR = {{C}hoi, {Y}. and Min, {D.-J.} and Shin, {C.}},
	TITLE = {Frequency-Domain Elastic Full Waveform Inversion using the new Pseudo-Hessian Matrix: Experience of Elastic Marmousi-2 Synthetic Data},
	JOURNAL = BSSA,
	YEAR = {2008},
	VOLUME = {98},
	PAGES = {2402--2415}  }

@article{choi:2008a,
	AUTHOR = {{C}hoi, {Y}. and Min, {D.-J.} and Shin, {C.}},
	TITLE = {Two-dimensional waveform inversion of multi-component data in acoustic-elastic coupled media},
	JOURNAL = {Geophysical {P}rospecting},
	YEAR = {2008},
	VOLUME = {56},
	PAGES = {863--881}  }

@book{christensen:82,
   AUTHOR = {Christensen, R.M.},
   TITLE = {Theory of viscoelasticity - An introduction},
   PUBLISHER = {Academic Press Inc.},
   YEAR = 1982}

@article{clayton:77,
	AUTHOR = { Clayton, R.W. and Engquist, B.},
	TITLE = {Absorbing boundary conditions for acoustic and elastic 
		wave equations},
	JOURNAL = BSSA,
	YEAR = 1977,
	VOLUME = 6,
	PAGES = {1529--1540}  }

@article{clayton:80,
	AUTHOR = { Clayton, R.W. and Engquist, B.},
	TITLE = {Absorbing boundary conditions for wave-equation migration},
	JOURNAL = Geo,
	YEAR = 1980,
	VOLUME = 45,
	PAGES = {895--904}  }

@article{collino:01,
     author={Collino, F. and  Tsogka, C.},
     year={2001},
     title={Application of the perfectly matched absorbing layer model to the linear elastodynamic problem in anisotropic heterogeneous media},
     journal={Geophysics},
     volume={66},
     number={1},
     pages={294-307}}
     
@article{collins:56,
   AUTHOR = {Collins, F. and Lee, {C. C.}},
   TITLE = {Seismic wave attenuation characteristics from pulse experiments},
   JOURNAL = {Geophysics},
   YEAR = 1956,
   VOLUME = 21,
   PAGES = {16--40} }

@article{crase:90,
   AUTHOR = {Crase, {E.} and Pica, {A.} and Noble, {M.} and Mc{D}onald, {J.} and Tarantola, {A.}},
   TITLE = {Robust elastic nonlinear waveform inversion: Application to real data},
   JOURNAL = {Geophysics},
   YEAR = 1990,
   VOLUME = 55,
   PAGES = {527--538} }

@article{oconnell:78,
   AUTHOR = {O'Connell, R.J. and Budiansky, B.},
   TITLE = {Measures of dissipation in viscoelastic media},
   JOURNAL = GRL,
   YEAR = 1978,
   VOLUME = 5,
   NUMBER = 1,
   PAGES = {5--8} }

@article{coutant:95,
   AUTHOR = {Coutant, {O.} and Virieux, {J.} and Zollo, {A.}},
   TITLE = {Numerical Source Implementation in a 2D Finite Difference Scheme for
            Wave Propagation},
   JOURNAL = BSSA,
   YEAR = 1995,
   VOLUME = 85,
   NUMBER = 5,
   PAGES = {1507--1512} }

@article{cunha:93,
	 author = {C[] A[] Cunha},
	 journal = {Geophysics},
	 number = {12},
	 pages = {1840-1851},
	 publisher = {Soc. Expl. Geophys.},
	 title = {Elastic modeling in discontinuous media},
	 volume = {59},
	 year = {1993}
	}


@article{dablain:86,
	AUTHOR = {Dablain, {M.A.}},
	TITLE = {The application of high-order differencing to the scalar 
		wave equation},
	JOURNAL = Geo,
	YEAR = 1986,
	VOLUME = 51,
	PAGES = {54--66}  }

@phdthesis{dai:93,
	AUTHOR = {Dai, {N.}},
	TITLE = {Finite Difference Simulation and Imaging of Seismic Waves
                 in Complex Media},
        SCHOOL = {{D}ept. of {P}hysics, {U}niversity of {A}lberta},
        YEAR = {1993} }

@article{dai:95,
	AUTHOR = {Dai, {N.} and Vafidis, A. and Kanasewich, E.R.},
	TITLE = {Wave propagation in heterogeneous, porous media:
                 A velocity-stress, finite-difference method},
	JOURNAL = Geo,
	YEAR = 1995,
	VOLUME = 60,
        NUMBER = 2,
	PAGES = {327--340}  }

@inproceedings{dain:62,
   AUTHOR = {Dain, {J.}},
   TITLE = {Q, loaded and unloaded},
   BOOKTITLE = {Encyclopaedic Dictionary of Physics},
   EDITOR = {Thewlis, J.},
   ADDRESS = {{P}ergamon, {L}ondon},
   VOLUME = 5,
   YEAR = 1962,
   PAGES = {730} }

@article{day:84,
   AUTHOR = {Day, {S.M.} and Minster, {J.B.}},
   TITLE = {Numerical simulation of wavefields using a {P}ad\'{e}
	    approximant method},
   JOURNAL = {{G}eophys. {J}. {R}oy. {A}str. {S}oc.},
   YEAR = 1984,
   VOLUME = 78,
   PAGES = {105--118} }

@article{de:94,
	AUTHOR = {{D}e, {G.S.} and {W}interstein, {D.F.} 
                 and {M}eadows, {M.A.} },
	TITLE = {{C}omparison of {P}- and {S}-wave velocities and {Q}'s
                 from {VSP} and sonic log data},
	JOURNAL = Geo,
	YEAR = 1994,
	VOLUME = {59},
        NUMBER = 10,
	PAGES = {1512--1529}  }

@inbook{deere:88,
	AUTHOR = {{D}eere, {D.U.} and {D}eere, {D.W.} },
	TITLE = {The Rock Quality Designation ({RQD}) Index in Practice},
	booktitle = {Rock Classification Systems for Engineering Purposes},
	YEAR = 1988,
	EDITOR = {Kirkaldie, L.},
	PUBLISHER = {ASTM}  }

@article{dougherty:88,
	AUTHOR = {Dougherty, {M.E.} and Stephen, {R.A.}},
	TITLE = {Seismic Energy Partitioning and Scattering in Laterally
                 Heterogeneous Ocean Crust},
	JOURNAL = PAGEOPH,
	YEAR = 1988,
	VOLUME = {128},
        NUMBER = {1/2},
	PAGES = {195 -- 239}  }

@phdthesis{dombrowski:96,
	AUTHOR = {Dombrowski, B.A.},
        TITLE = {{3D}-modeling, analysis and tomography of surface
                wave data for engineering and environmental purposes},
        SCHOOL = {{U}niversity Bochum},
        YEAR = {1996} }

@article{dvorkin:93,
	AUTHOR = {Dvorkin, J. and Nur, A.},
	TITLE = {Dynamic poroelasticity: A unified model with the squirt 
                and the Biot mechanisms},
	JOURNAL = Geo,
	YEAR = 1993,
	VOLUME = {58},
        NUMBER = {4},
	PAGES = {524 -- 533}  }

@article{dvorkin:94,
	AUTHOR = {Dvorkin, J. and Nolen-Hoeksema, R. and Nur, A.},
	TITLE = {The squirt-flow mechanism: Macroscopic description},
	JOURNAL = Geo,
	YEAR = 1994,
	VOLUME = {59},
        NUMBER = {3},
	PAGES = {428 -- 438}  }

@article{dickmann:96,
	AUTHOR = {Dickmann, T. and Sander, B.K.},
	TITLE = {Drivage concurrent Tunnel Seismic Prediction},
	JOURNAL = {Felsbau},
	YEAR = 1996,
	VOLUME = {14},
	PAGES = {406 -- 411}  }

@article{eaton:97a,
   AUTHOR = {Eaton, {D.W.} and Milkereit, {B.} and Adam, E.},
   TITLE = {3-D Seismic Exploration},
   JOURNAL = {submitted for the keynote session of Exploration '97},
   YEAR = {1997} }

@article{emmerich:87,
   AUTHOR = {Emmerich, {H.} and Korn, {M.}},
   TITLE = {Incorporation of attenuation into time-domain computations
	    of seismic wave fields},
   JOURNAL = {Geophysics},
   YEAR = 1987,
   VOLUME = 52,
   NUMBER = 9,
   PAGES = {1252--1264} }

@article{emmerich:92,
   AUTHOR = {Emmerich, {H.}},
   TITLE = {PSV-wave propagation in a medium with local heterogeneities:
            a hybrid formulation and it's application},
   JOURNAL = GJI,
   YEAR = 1992,
   VOLUME = 109,
   PAGES = {54--64} }

@article{emerman:82,
   AUTHOR = {Emmermann, {S.H.} and Schmidt, {W.} and Stephen, {R.A}},
   TITLE = {An implicit finite-difference formulation of the elastic wave
            equation},
   JOURNAL = Geo,
   YEAR = 1982,
   VOLUME = 47,
   PAGES = {1521--1526} }

@article{emerman:83,
   AUTHOR = {Emmermann, {S.H.} and Stephen, {R.A}},
   TITLE = {Comment on absorbing boundary conditions for acoustic and
            elastic wave equations},
   JOURNAL = BSSA,
   YEAR = 1983,
   VOLUME = 72,
   PAGES = {661--665} }


@misc{engelhard:80,
   AUTHOR = {Engelhard, L.},
   TITLE = {Die {D}\"ampfung seismischer {W}ellen und ihre {B}estimmung aus
	    {R}eflexionsseismogrammen},
   HOWPUBLISHED = {{H}abilitationsschrift},
   NOTE = {{T}echnische {U}niversit\"at {B}raunschweig},
   YEAR = {1980} }

@incollection{engelhard:90,
   AUTHOR = {Engelhard, L. and Pr"u"smann, H. and T"onnies, V..},
   TITLE = {Extended investigations for the use of the absorption of 
            seismic waves to hydrocarbon exploration},
   BOOKTITLE = {{A}pplication of the Absorption of Seismic
                waves in Hydrocarbon Exploration},
   VOLUME = 396,
   PUBLISHER = {{G}erman {S}ociety for {P}etroleum and {C}oal {C}hemistry},
   ADRESS = {{H}amburg},
   YEAR = 1990,
   PAGES = {79--140} }

@article{engquist:77,
	AUTHOR = { Engquist, B. and Majda, A.},
	TITLE = {Absorbing boundary conditions for the numerical 
		simulation of waves},
	JOURNAL = {Math. Comp.},
	YEAR = 1977,
	VOLUME = 31,
	PAGES = {629--651}  }

@inproceedings{falk:95,
   AUTHOR = {Falk, {J.} and Tessmer, {E.} and Gajewski, {D.}},
   TITLE = {{S}eismic {M}odelling by the {F}inite-{D}ifference
            {M}ethod with {L}ocally {V}arying {T}ime {S}teps},
   BOOKTITLE = {57th annual meeting EAEG, {E}xpanded {A}bstracts, D013},
   YEAR = 1995 }

@inproceedings{falk:96,
   AUTHOR = {Falk, {J.} and Scheele, {M.} and Tessmer, {E.} and Gajewski, {D.}},
   TITLE = {{T}ube wave propagation in complex 
             viscoelastic borehole environments: {A} numerical method 
             for case studies},
   BOOKTITLE = SEG,
   ADDRESS = {Denver},
   YEAR = {1996},
   PAGES = {150--153} }

@phdthesis{falk:98,
	AUTHOR = {Falk, Joachim},
        TITLE = {Efficient Seismic Modeling of Small-Scale Inhomogeneities by the
	         Finite-Difference Method},
        SCHOOL = {{U}niversity of Hamburg},
        YEAR = {1998} }

@article{faria:94,
   AUTHOR = {Faria, {E.L.} and Stoffa, {P.L.}},
   TITLE = {Finite-difference modeling in transversely isotropic media},
   JOURNAL = Geo,
   YEAR = 1994,
   VOLUME = 59,
   NUMBER = 2,
   PAGES = {282--289} }

@article{fornberg:87,
   AUTHOR = {Fornberg, {B.}},
   TITLE = {{T}he pseudospectral method: {C}omparisons with finite differences for 
            the elastic wave equation},
   JOURNAL = Geo,
   YEAR = 1987,
   VOLUME = 52,
   NUMBER = 4,
   PAGES = {483--501} }

@article{fornberg:88,
	AUTHOR = {Fornberg, {B.}},
	TITLE = {The pseudospectral method: {A}ccurate representation of 
                interfaces in elastic wave calculations},
	JOURNAL = Geo,
	YEAR = 1988,
	VOLUME = 53,
	PAGES = {625 - 637}  }

@phdthesis{forbriger:01,
   AUTHOR = {Forbriger, Th.},
   TITLE = {{I}nversion flachseismischer {W}ellenfeldspektren},
   SCHOOL = {Stuttgart {U}niversity (http://elib.uni-stuttgart.de/opus/volltexte/2001/861)},
   YEAR = 2001}

@article{forbriger:03a,
   AUTHOR = {Forbriger, T.},
   TITLE = {{Inversion of shallow-seismic wavefields: I. Wavefield transformation}},
   JOURNAL = GJI,
   YEAR = 2003,
   VOLUME = {153},
   NUMBER = 3,
   PAGES = {719--734}}

@article{forbriger:03b,
   AUTHOR = {Forbriger, T.},
   TITLE = {{Inversion of shallow-seismic wavefields: II. Inferring subsurface properties
   from wavefield transforms}},
   JOURNAL = GJI,
   YEAR = 2003, 
   VOLUME = {153},
   NUMBER = 3,
   PAGES = {735--752}}
   
@article{forbriger2014,
  title={Line-source simulation for shallow-seismic data. Part 1: theoretical background},
  author={Forbriger, Thomas and Groos, Lisa and Sch{\"a}fer, Martin},
  journal={Geophysical Journal International},
  volume={198},
  number={3},
  pages={1387--1404},
  year={2014},
  publisher={Oxford University Press}
}

@article{fuchs:71,
   AUTHOR = {Fuchs, K. and M\"uller, G.},
   TITLE = {Computation of synthetic seismograms with the
	    reflectivity method and comparison with observations},
   JOURNAL = {{G}eophys. {J}. {R}oy. {A}str. {S}oc.},
   YEAR = 1971,
   VOLUME = 23,
   PAGES = {417--433} }

@article{futterman:62,
   AUTHOR = {Futterman, {Walter I.}},
   TITLE = {Dispersive Body Waves},
   JOURNAL = {Journal of Geophysical Research},
   YEAR = 1962,
   VOLUME = 67,
   NUMBER = 13,
   PAGES = {5279--5291} }

@article{gauthier:86,
   author={Gauthier, O. and  Virieux, J. and  Tarantola, A.},
   year={1986},
   title={Two-dimensional nonlinear inversion of seismic waveforms - numerical results},
   journal={Geophysics},
   volume={51},
   number={7},
   pages={1387-1403}}

@article{ganley:81 ,
	AUTHOR = {Ganley, D.C.},
	TITLE = {A method for calculating synthetic seismograms which 
		 include the effects of absorption and dispersion},
	JOURNAL = Geo,
	YEAR = 1981,
	VOLUME = 46,
	NUMBER = 8,
	PAGES = {1100--1107}  }

@article{ganley:81 ,
	AUTHOR = {Ganley, D.C.},
	TITLE = {A method for calculating synthetic seismograms which 
		 include the effects of absorption and dispersion},
	JOURNAL = Geo,
	YEAR = 1981,
	VOLUME = 46,
	NUMBER = 8,
	PAGES = {1100--1107}  }

@article{gavrilov:00 ,
	AUTHOR = {Gavrilov, {D.} and Lines, {L.} and Kocurko, {T.}},
	TITLE = {3-D depth migration: Parallel processing and migration movies},
	JOURNAL = LE,
	YEAR = 2000,
	VOLUME = 19,
	NUMBER = 12,
	PAGES = {1282--1284}  }

@article{gazdag:81,
	AUTHOR = {Gazdag, {J.}},
	TITLE = {Modeling of the acoustic wave equation with transform methods},
	JOURNAL = Geo,
	YEAR = 1981,
	VOLUME = 46,
	PAGES = {854}  }

@article{geertsma:61 ,
	AUTHOR = {Geertsma, {J.} and Smit, {D.}},
	TITLE = {Some aspects of elastic wave propagation in
                 fluid saturated porous solids},
	JOURNAL = Geo,
	YEAR = 1961,
	VOLUME = 26,
	PAGES = {161--181}  }

@article{glahn:86,
	AUTHOR = {Glahn, A.},
	TITLE = {Quantitative {U}ntersuchung absorbierender {M}odellr\"ander 
		in {FD}-{V}erfahren zur {B}erechnung elastischer 
		{W}ellenausbreitung},
	JOURNAL = {Diplomarbeit Universit\"at Frankfurt},
	YEAR = 1986 }

@article{giese:05,
	AUTHOR = {Giese, R. and Klose, C. and Borm, G.},
	TITLE = {In situ seismic investigations of fault zones in the {L}eventina {G}neiss {C}omplex of the 
	         {S}wiss {C}entral {A}lps},
	JOURNAL = {Geological Society Special Publication},
	YEAR = 2005,
	VOLUME = 240,
	PAGES = {15--24}}

@inproceedings{giese:01,
   AUTHOR = {Giese, R. and Borm, G},
   TITLE = {Charateristics of fault zones in the Leventina Gneiss 
          Complex of the Swiss Central Alps},
   BOOKTITLE = {},
   ADDRESS = {},
   MONTH = {},
   MEETING = {},
   YEAR = 2001,
   PAGES = {} }

@inproceedings{graessl:75,
   AUTHOR = {Gr\"assl, S. and Deubel, K. and Hermichen, W.D.},
   TITLE = {Untersuchungen zum {A}bsorptions- und {D}ispersionsverhalten
	    seismischer {W}ellen},
   BOOKTITLE = {{S}eismology and {S}olid-{E}arth-{P}hysics},
   ADDRESS = {Intern. Symp. Jena},
   MONTH = {April},
   YEAR = 1974,
   PAGES = {357--364} }

@article{graves:96,
   AUTHOR = {Graves, {R.W.}},
   TITLE = {Simulating Seismic Wave Propagation in {3D} Elastic Media Using 		
	         Staggered-Grid Finite Differences},
   JOURNAL = BSSA,
   YEAR = 1996,
   VOLUME = 86,
	NUMBER = 4,
   PAGES = {1091--1106} }

@conference{blanch:93,
   AUTHOR = {Blanch, {J.O.} and Robertsson, {J.O.A} and  
            Symes, {W.W.}},
   TITLE = {{V}iscoelastic {F}inite {D}ifference {M}odeling},
   BOOKTITLE = SEG,
   ADDRESS = {{W}ashington, {D.C.}},
   YEAR = {1993},
   PAGES = {990--993} }

@inproceedings{gold:97,
    author={Gold, Norbert and  Shapiro, Sergei A and Burr, Eberhard},
    year={1997},
    title={Modelling of high contrasts in elastic media using a modified
           finite difference scheme},
    booktitle={67th Annual Internat. Mtg., Soc. Expl. Geophys., 
               Expanded Abstracts},
    publisher={},
    volume={97},
    pages={ST 14.6},
    meeting={}
}
@article{gottschaemmer:01 ,
	AUTHOR = {Gottsch\"amer, {E.} and Olsen, {K.B.}},
	TITLE = {Accuracy of the Explicit Planar Free-Surface Boundary Condition
	Implemented in a Fourth-Order Staggered-Grid Velocity-Stress
	Finite-Difference Scheme},
	JOURNAL = BSSA,
	YEAR = 2001,
	VOLUME = 91,
   NUMBER = 3,
	PAGES = {617--623}  }
	
@phdthesis{groos2013,
  title={2D full waveform inversion of shallow seismic Rayleigh waves},
  author={Groos, Lisa},
  school={Karlsruhe Institute of Technology (KIT)},
  year={2013}
}
	
@article{groos2014,
  title={The role of attenuation in 2D full-waveform inversion of shallow-seismic body and Rayleigh waves},
  author={Groos, Lisa and Sch{\"a}fer, Martin and Forbriger, Thomas and Bohlen, Thomas},
  journal={Geophysics},
  volume={79},
  number={6},
  pages={R247--R261},
  year={2014},
  publisher={Society of Exploration Geophysicists}
}

@article{gubernatis:77 ,
	AUTHOR = {Gubernatis, {J.E.} and Domany, {E.} and Krumhansi, {J.A.}},
	TITLE = {Formal aspects of the theory of the scattering of utrasound
                 by flaws in elastic materials},
	JOURNAL = {Journal of Applied Physics},
	YEAR = 1977,
	VOLUME = 48,
   NUMBER = 7,
	PAGES = {2804--2819}  }

@phdthesis{han:86,
   AUTHOR = {Han, D.-H.},
   TITLE = {Effects of porosity and clay content on acoustic 
            properties of sandstones and unconsolidated sediments},
   SCHOOL = {Stanford University},
   YEAR = {1986} }

@article{hatherly:86,
   AUTHOR = {Hatherly, {P.J.} },
   TITLE = {Attenuation measurements on shallow seismic refraction data},
   JOURNAL = {Geophysics},
   YEAR = 1986,
   VOLUME = 51,
   NUMBER = 2,
   PAGES = {250--254} }

@article{hargreaves:92,
   AUTHOR = {Hargreaves, {N.D.} },
   TITLE = {Similarity and the inverse Q filter: Some simple algorithmsfor
            inverse Q filtering},
   JOURNAL = {Geophysics},
   YEAR = 1992,
   VOLUME = 57,
   PAGES = {944--947} }

@ARTICLE{hestholm:98,
author = {S. O. Hestholm and B. O. Ruud},
   journal = {Geophysics},
   title = {{3-D} finite-difference elastic wave modeling 
            including surface topography},
   publisher = {},
   address = {},
   volume = {63},
   pages = {613-622},
   year ={1998}
}

@article{higdon:91,
   AUTHOR = {Higdon, {R.L.} },
   TITLE = {Absorbing boundary conditions for elastic waves},
   JOURNAL = {Geophysics},
   YEAR = 1991,
   VOLUME = 56,
   PAGES = {231--241} }
   
@ARTICLE{holberg:87,
author = {O. Holberg},
   journal = {Geophysical Prospecting},
   title = {Computational aspects of the choice of operator and sampling interval for numerical 
            differentiation in lage-scale simulation of wave phenomena},
   publisher = {},
   address = {},
   volume = {35},
   pages = {629-655},
   year ={1987}
}

@inproceedings{house:2000,
author={House, L. and Larsen, S. and Bednar, J.B.},
year={2000},
title={3-D elastic numerical modeling of a complex salt structure},
booktitle={70th Annual Internat. Mtg., Soc. Expl. Geophys., Expanded Abstracts},
publisher={},
volume={70},
keywords={seismic modeling; algorithm; scattering}}

@incollection{huebner:85,
   AUTHOR = {{H}"ubner, {S}. and Mei"sner, {R.} and {S}t"umpel, {H.}},
   TITLE = {Einfl"usse lithologischer {P}arameter oberfl"achennaher {S}edimente
            auf {K}ompressions- und {S}cherwellengeschwindigkeiten},
   BOOKTITLE = {{I}ngenieurgeologische {P}robleme im {G}renzeberich zwischen
                {L}ocker- und {F}estgestein},
   PUBLISHER = { Springer Verlag},
   EDITOR = {{H}eitfeld, {K.H.}},
   ADDRESS = { {B}erlin, {H}eidelberg},
   YEAR = 1985 }

@conference{if:90,
   AUTHOR = {If, {F.} and Berg, {P.} and Skovgaard, {O}},
   TITLE = {Regular and staggered grids in spectral approximations of 
                the elastic wave equation},
   BOOKTITLE = SEG,
   YEAR = {1990},
   PAGES = {992--995} }

@article{ilan:75,
   AUTHOR = {Ilan, {A.} and Ungar, {A.U.} and Alterman, {Z.} },
   TITLE = {An improved representation of boundary conditions
            in finite-difference schemes for seismological problems},
   JOURNAL = GJRAS,
   YEAR = 1975,
   VOLUME = 43,
   PAGES = {727--745} }

@article{ilan:76,
   AUTHOR = {Ilan, {A.} and Loewenthal, {D.} },
   TITLE = {Instability of finite-difference schemes due to boundary 
            conditions in elastic media},
   JOURNAL = GP,
   YEAR = 1976,
   VOLUME = 24,
   PAGES = {431--453} }

@inproceedings{imhof:94a,
author={Imhof, Matthias G.},
year={1994},
title={Multiple multipole expansions for seismic scattering},
booktitle={64th Annual Internat. Mtg., Soc. Expl. Geophys., Expanded Abstracts},
publisher={},
volume={94},
pages={1318-1321},
keywords={seismic modeling; algorithm; scattering}}

@inproceedings{imhof:94b,
author={Imhof, M. G. and  Toksoz, M. N.},
year={1994},
title={Multiple multipole expansions for acoustic scattering},
booktitle={56th Mtg. Eur. Assoc. Expl Geophys., Extended Abstracts},
publisher={},
volume={94},
pages={Session:P056}}

@conference{igel:93,
   AUTHOR = {Igel, {H.} and Debski, {W.} and Djikp$\rm{\acute{e}}$ss$\rm{\acute{e}}$, {H.} and Tarantola, {A.}},
   TITLE = {Gradient Inversion of Marine Seismic Reflection Data: Parametrization and Geometrical Spreading},
   BOOKTITLE = {SEG Expanded Abstracts},
   VOLUME = {12},
   YEAR = {1993},
   PAGES = {657--660} }

@ARTICLE{igel:95,
author = {H. Igel and P. Mora and B. Riollet},
   journal = {Geophysics},
   title = {Anisotropic wave propagation through finite-difference grids},
   volume = {60},
   pages = {1203-1216},
   year ={1995}
}

@ARTICLE{inazaki:99,
author = {Inazaki, T. and Isahai, H. and Kawamura, S. and Kuruhashi, T. and Hayashi, H.},
   journal = LE,
   title = {Stepwise application of horizontal seismic profiling for tunnel prediction ahead of the face},
   volume = {18},
   pages = {1429-1431},
   year ={1999}
}

@phdthesis{jastram:92a,
   AUTHOR = {Jastram, C.},
   TITLE = {Seismische {M}odellierung mit {F}initen {D}ifferenzen h\"oherer
	    {O}rdnung auf einem {G}itter mit vertikal variierendem {G}itterabstand},
   SCHOOL = {{U}niversit\"at {H}amburg},
   YEAR = {1992} }

@article{jastram:92b,
	AUTHOR = {Jastram, C. and Behle, A.},
	TITLE = {Acoustic modelling on a grid of vertically varying 
		spacing},
	JOURNAL = GP,
	YEAR = 1992,
	VOLUME = 40,
	PAGES = {157--169}  }

@article{jastram:93,
	AUTHOR = {Jastram, C. and Behle, A.},
	TITLE = {Accurate finite-difference operators for modelling the elastic 
		wave equation},
	JOURNAL = GP,
	YEAR = 1993,
	VOLUME = 41,
	PAGES = {453--458}  }

@article{jastram:94,
	AUTHOR = {Jastram, C. and Tessmer, E.},
	TITLE = {Elastic modelling on a grid with vertically varying spacing},
	JOURNAL = GP,
	YEAR = 1994,
	VOLUME = 42,
	PAGES = {357--370}  }

@article{jih:88,
	AUTHOR = { Jih, {R.-S} and K. L. McLaughlin, {K.L.} and d. Z. A},
	TITLE = {Free-boundary conditions of arbitrary polygonal topography in 
                a two-dimensional explicit elastic finite-difference scheme},
	JOURNAL = Geo,
	YEAR = 1988,
	VOLUME = 53,
	PAGES = {1045 - 1055}  }

@article{jones:86,
	AUTHOR = {Jones, T.D.},
	TITLE = {Pore fluids and frequency-dependent wave propagation in rocks},
	JOURNAL = Geo,
	YEAR = 1986,
	VOLUME = 51,
        NUMBER = 10,
	PAGES = {1939--1953}  }

@article{juhlin:95,
	AUTHOR = {Juhlin, C.},
	TITLE = {Finite-difference elastic wave propagation in 2D heterogeneous
                 transversely isotropic media},
	JOURNAL = GP,
	YEAR = 1995,
	VOLUME = 43,
	PAGES = {843--858}  }
	
@article{kang:04,
   AUTHOR = {Kang, T.S. and Baag, C.E.},
   TITLE = {Finite-difference seismic simulation combining discontinuous grids with locally variable timesteps},
   JOURNAL = {Bulletin of the {S}eismological {S}ociety of {A}merica},
   YEAR = 2004,
   VOLUME = 94,
   PAGES = {207--219} }
   
@article{kaehler:83,
   AUTHOR = {K\"ahler, {S.} and Meissner, {R.}},
   TITLE = {Radiation and receiver pattern of shear and compressional
            waves as a function of poissons ratio},
   JOURNAL = GP,
   YEAR = 1983,
   VOLUME = 31,
   PAGES = {412--435} }

@article{kelly:76,
   AUTHOR = {Kelly, {K.R.} and Ward, {R.W.} and Treitel, S.
	     and Alford, {R.M.}},
   TITLE = {Synthetic seismograms: {A} finite-difference approach},
   JOURNAL = {Geophysics},
   YEAR = 1976,
   VOLUME = 41,
   NUMBER = 1,
   PAGES = {2--27} }

@article{kelly:83,
   AUTHOR = {Kelly, {K.R.}},
   TITLE = {Numerical study of Love wave propagation},
   JOURNAL = {Geophysics},
   YEAR = 1983,
   VOLUME = 48,
   NUMBER = 7,
   PAGES = {833--853} }

@article{keys:85,
   AUTHOR = {Keys, {R.G.}},
   TITLE = {Absorbing boundary conditions for acoustic media},
   JOURNAL = {Geophysics},
   YEAR = 1985,
   VOLUME = 50,
   PAGES = {892--902} }

@article{kjartansson:79,
   AUTHOR = {Kjartansson, E.},
   TITLE = {{C}onstant {Q}-{W}ave {P}ropagation},
   JOURNAL = JGR,
   YEAR = 1979,
   VOLUME = 84,
   NUMBER = {B9},
   PAGES = {4737--4748} }

@article{kneib:93,
	AUTHOR = {Kneib, {G.} and Kerner, {C.}},
	TITLE = {Accurate and efficient seismic modeling in random media},
	JOURNAL = Geo,
	YEAR = 1993,
	VOLUME = 58,
	NUMBER = 4,
	PAGES = {576 - 588}  }

@article{kneib:00,
	AUTHOR = {Kneib, {G.} and Kassel, {A.} and Lorenz, K.},
	TITLE = {Automated seismic prediction ahead of the tunnel boring machine},
	JOURNAL = FB,
	YEAR = 2000,
	PAGES = {295 - 302}  }

@article{knopoff:58,
   AUTHOR = {Knopoff, L. and MacDonald, {G.J.F.}},
   TITLE = {Attenuation of small amplitude stress waves in solids},
   JOURNAL = {Reviews of Modern Physics},
   YEAR = 1958,
   VOLUME = 30,
   PAGES = {1178--1192} }

@phdthesis{koehn:11,
	AUTHOR = {K\"ohn, D.},
  TITLE = {Time Domain 2D Elastic Full Waveform Tomography},
  SCHOOL = {{K}iel {U}niversity},
  YEAR = {2011} }

@article{kohn2012influence,
  title={On the influence of model parametrization in elastic full waveform tomography},
  author={K{\"o}hn, D and De Nil, D and Kurzmann, A and Przebindowska, A and Bohlen, T},
  journal={Geophysical Journal International},
  volume={191},
  number={1},
  pages={325--345},
  year={2012},
  publisher={Oxford University Press}
}

@article{kolsky:56,
   AUTHOR = {Kolsky, H.},
   TITLE = {The propagation of stress pulses in viscoelastic solids},
   JOURNAL = {{P}hil. {M}ag.},
   YEAR = 1956,
   VOLUME = 1,
   PAGES = {693--710} }
   
@article{komatitsch:07,
	AUTHOR = {Komatitsch, {D.} and  Martin, {R.}},
	TITLE = {An unsplit convolutional perfectly matched layer improved at grazing incidence for the seismic wave equation},
	JOURNAL = {Geophysics},
	YEAR = 2007,
	VOLUME = 72,
	NUMBER = 5,
	PAGES = {155 - 167}  }

@article{komatitsch:09,
	AUTHOR = {Komatitsch, {D.} and  Mich$\rm{\acute{e}}$a, {D.} and Erlebacher, {G.}},
	TITLE = {Porting a high-order finite-element earthquake modeling application to {NVIDIA} graphics cards using {CUDA}},
	JOURNAL = {J.Parallel Distrib. Comput.},
	YEAR = {2009},
	VOLUME = {69},
	PAGES = {451--460}  }

@article{kosloff:82,
	AUTHOR = {Kosloff, {D.} and  Baysal, {E.}},
	TITLE = {Forward modeling by a {F}ourier method},
	JOURNAL = Geo,
	YEAR = 1982,
	VOLUME = 47,
	NUMBER = 10,
	PAGES = {1402 - 1412}  }

@article{kosloff:84,
	AUTHOR = {Kosloff, {D.} and  Reshef, {M.} and Loewenthal, {D.}},
	TITLE = {Elastic wave calculation by the {F}ourier method},
	JOURNAL = BSSA,
	YEAR = 1984,
	VOLUME = 74,
	NUMBER = 3,
	PAGES = {875 - 891}  }

@article{kosloff:86,
   AUTHOR = {Kosloff, {R.} and Kosloff, {D.}},
   TITLE = {Absorbing boundaries for wave propagation problems},
   JOURNAL = {{J.} {C}omp. {P}hys.},
   YEAR = 1986,
   VOLUME = 63,
   PAGES = {363--376} }

@article{krebes:94,
	AUTHOR = {Krebes, E.S. and  Quiroga-Goode, G.},
	TITLE = {A standard finite-difference scheme for the time-domain 
		computation of anelastic wavefields},
	JOURNAL = Geo,
	YEAR = 1994,
	VOLUME = 59,
	NUMBER = 2,
	PAGES = {290--296}  }

@phdthesis{krone:97,
	AUTHOR = {Krone, R.},
        TITLE = {Sismique onde S en faible profondeur d'eau:
                 Propri\'{e}t\'{e}s de cisaillement des s\'{e}diments marins
                 superficiels par inversion simultan\'{e}e de la dispersion 
                 des ondes de Love et de Scholte},
        SCHOOL = {Universit\'e de Bretagne Occidentale},
        YEAR = {1997} }

@inproceedings{kummer:84,
   author={Kummer, B. and  Behle, A.},
   year={1984},
   title={Simulation of transparent boundaries in finite difference modeling: A composed method},
   booktitle={54th Annual Internat. Mtg., Soc. Expl. Geophys., Expanded Abstracts},
   publisher={},
   volume={84},
   pages={Session:S15.1}}

@article{kummer:87,
	AUTHOR = {Kummer, B. and Behle, A. and Dorau, F.},
	TITLE = {Hybrid modelling of elastic wave propagation in 2-D laterally
                 inhomogeneous media},
	JOURNAL = Geo,
	YEAR = 1987,
	VOLUME = 52,
	PAGES = {765--771}  }

@inproceedings{krueger:02,
author={Kr\"uger, O. S. and Saenger, E. H. and  Shapiro, S.A.},
year={2002},
title={Simulation of the diffraction by single cracks: 
       an accuracy study},
meeting=SEG02,
pages={SM P1.2}}

@inproceedings{kurzmann:08,
   author={Kurzmann, {A.} and K\"ohn, {D.} and Przebindowska, {A.} and Ngyuen, {N.} and Bohlen, {T.}},
   year={2008},
   title={Performance of acoustic full waveform tomography for different acquistion geometries},
   booktitle={12th annunal report of the {W}ave {I}nversion {T}echnology consortium},
   pages={117--125}}
 
@article{landro:93,
	AUTHOR = {Landr\o, M. and Mittet, R. and Sollie, R.},
	TITLE = {Implementing measured source signatures in a 
                coarse-grid, finite-difference modeling scheme},
	JOURNAL = Geo,
	YEAR = 1993,
	VOLUME = 59,
	NUMBER = 12,
	PAGES = {1852 - 1860}  }

@article{levander:88,
   AUTHOR = {Levander, {A.R.}},
   TITLE = {Fourth-order finite-difference {P-SV} seismograms},
   JOURNAL = {Geophysics},
   YEAR = 1988,
   VOLUME = 53,
   NUMBER = 11,
   PAGES = {1425--1436} }

@article{levenberg:44,
   AUTHOR = {Levenberg, {K.}},
   TITLE = {A {M}ethod for the {S}olution of {C}ertain {P}roblems
            in {L}east {S}quares},
   JOURNAL = {{Q}uart. {A}ppl. {M}ath.},
   YEAR = 1944,
   VOLUME = 2,
   PAGES = {164--168} }

@article{liao:84,
   AUTHOR = {Liao, {Z.} and Wong, {H.} and Baipo, {Y.} and Yifan, {Y.}},
   TITLE = {A transmitting boundary for transient wave analysis},
   JOURNAL = {Scienta Sinica (Series A)},
   YEAR = 1984,
   VOLUME = 47,
   PAGES = {1063--1076} }

@article{liao:93,
   AUTHOR = {Liao, {Q.} and McMechan, {G.A.}},
   TITLE = {2-D pseudospectral viscoacoustic modeling in a distributed memory
            multiprocessor computer},
   JOURNAL = BSSA,
   YEAR = 1993,
   VOLUME = 41,
   PAGES = {149--163} }

@article{liao:97,
   AUTHOR = {Liao, {Q.} and McMechan, {G.A.}},
   TITLE = {Tomographic imaging of velocity and Q, with application
            to crosswell seismic data from the Gypsy Pilot Site,
            Oklahoma},
   JOURNAL = Geo,
   YEAR = 1997,
   VOLUME = 62,
   NUMBER = 6,
   PAGES = {1804--1811} }

@article{liao:96,
   AUTHOR = {Liao, {Q.} and McMechan, {G.A.}},
   TITLE = {Multifrequency viscoacoustic modeling and inversion},
   JOURNAL = Geo,
   YEAR = 1996,
   VOLUME = 61,
   NUMBER = 5,
   PAGES = {1371--1378} }

@article{liu:76,
   AUTHOR = {Liu, {H.P.} and Anderson, {D.L.} and Kanamori, {H.}},
   TITLE = {Velocity dispersion due to anelasticity: implications for
	    seismology and mantle composition},
   JOURNAL = GJRAS,
   YEAR = 1976,
   VOLUME = 47,
   PAGES = {41--58} }

@article{liu:2009,
   AUTHOR = {Liu, {Y.} and Sen, {M.K.}},
   TITLE = {A new time-space domain high-order finite-difference method for the acoustic wave equation},
   JOURNAL = {Journal of {C}omputational {P}hysics},
   YEAR = 2009,
   VOLUME = 228,
   PAGES = {8779--8806}}


@article{liner:91,
   AUTHOR = {Liner, {C.L.}},
   TITLE = {Theory of a 2.5-D acoustic wave equation for constant 
            density media (short note)},
   JOURNAL = Geo,
   YEAR = 1991,
   VOLUME = 56,
   NUMBER = 12,
   PAGES = {2114--2117} }

@inproceedings{liner:93,
   author={Liner, Christopher L. and  Stockwell, John W., Jr.},
   year={1993},
   title={Some analytic aspects of the 2.5-dimensional wave equation},
   booktitle={63rd Annual Internat. Mtg., Soc. Expl. Geophys., Expanded    
              Abstracts},
   volume={93},
   pages={201--204}}

@article{liner:95,
   author={Liner, Christopher L.},
   year={1995},
   title={Some analytic aspects of a 2.5-D wave equation},
   journal={Geophysics},
   volume={60},
   number={5},
   pages={1536-1540}}

@article{lines:84,
   author={Lines, {L.R.} and Treitel, {S.}},
   year={1984},
   title={A Review of Least-Squares Inversion and its Application
          to Geophysical Problems},
   journal= GP,
   volume={32},
   pages={159-186}}

@article{lueth:05,
   AUTHOR = {L\"uth, {S.} and Buske, S. and Giese, R. and Goertz, A.},
   TITLE = {Fresnel volume migration of multicomponent data},
   JOURNAL = Geo,
   YEAR = 2005,
   VOLUME = 70,
   NUMBER = 6,
   PAGES = {121--129} }

@article{lueth:06,
   AUTHOR = {L\"uth, {S.} and Giese, R. and Otto, P. and Kr\"uger, K. and Mielitz, S. and Bohlen, T. and Dickmann, T. },
   TITLE = {Seismic investigation of the {P}iora {B}asin using {S}-wave conversions at the tunnel face of the Piora adit
   ({G}otthard {B}ase {T}unnel)},
   JOURNAL = {J. of Rock Mech. and Mining Sc.},
   YEAR = {submitted} }


@article{lomnitz:57,
   AUTHOR = {Lomnitz, {C.}},
   TITLE = {Linear dissipation in solids},
   JOURNAL = JAP,
   YEAR = 1957,
   VOLUME = 28,
   PAGES = {201--205} }

@article{madariaga:76,
   AUTHOR = {Madariaga, {R.}},
   TITLE = {Dynamics of an expanding circular fault},
   JOURNAL = {{B}ull. {S}eis. {S}oc. {A}m.},
   YEAR = 1976,
   VOLUME = 66,
   PAGES = {639--666} }

@article{mahrer:86,
   AUTHOR = {Mahrer, {K.D}},
   TITLE = {An empirical study of instability and improvement of absorbing
            boundary conditions for the elastic wave equation},
   JOURNAL = Geo,
   YEAR = 1986,
   VOLUME = 51,
   PAGES = {1499--1501} }

@article{marquardt:63,
   AUTHOR = {Marquardt, {D.}},
   TITLE = {An {A}lgorithm for {L}east-squares {E}stimation of
           {N}onlinear Parameters},
   JOURNAL = {{SIAM} {J}. {A}ppl. {M}ath.},
   YEAR = 1963,
   VOLUME = 11,
   PAGES = {431--441} }

@article{martin:09,
   AUTHOR = {Martin, {R.} and Komatitsch, {D.}},
   TITLE = {An unsplit convolutional perfectly matched layer technique improved at grazing incidence for the viscoelastic wave equation},
   JOURNAL = GP,
   YEAR = 2009,
   VOLUME = 179,
   NUMBER = 1,
   PAGES = {333--344} }
   
@article{martinez:93,
   AUTHOR = {Martinez, {R.D.}},
   TITLE = {Wave propagation effects on amplitude variation with offset
	    measurements: {A} modeling study},
   JOURNAL = Geo,
   YEAR = 1993,
   VOLUME = 58,
   PAGES = {534--543} }

@article{martinez:87,
   AUTHOR = {Martinez, {R.D.} and McMechan, G.A.},
   TITLE = {Analysis of absorption and dispersion effects in synthetic
            $\tau$-p seismograms},
   JOURNAL = Geo,
   YEAR = 1987,
   VOLUME = 52,
   PAGES = {1033--1047} }

@article{martinez:91a,
   AUTHOR = {Martinez, {R.D.} and McMechan, G.A.},
   TITLE = {$\tau$-p seismic data for viscoelastic media - Part 1: Modelling},
   JOURNAL = GP,
   YEAR = {1991a},
   VOLUME = 39,
   PAGES = {141--156} }

@article{martinez:91b,
   AUTHOR = {Martinez, {R.D.} and McMechan, G.A.},
   TITLE = {$\tau$-p seismic data for viscoelastic media - Part 2:
            Linearized inversion },
   JOURNAL = GP,
   YEAR = {1991b},
   VOLUME = 39,
   PAGES = {157--181} }

@article{mcdonal:58,
   AUTHOR = {McDonal, {F.J.} and Angona,{F.A.} and Mills, {R.L.} and Sengbush, {R.L.}
	     and {van Nostrand}, {R.G.} and White, {J.E.}},
   TITLE = { Attenuation of shear and compressional waves in Pierre shale},
   JOURNAL = {Geophysics},
   YEAR = 1958,
   VOLUME = 23,
   PAGES = {421--439} }

@article{mcmechan:81,
   AUTHOR = {McMechan, G.A. and Yedlin, M.J.},
   TITLE = {Analysis of dispersive waves by wave field transformation},
   JOURNAL = Geo,
   YEAR = 1981, 
	VOLUME = 46,
	NUMBER = 6,
   PAGES = {869--874}}

@incollection{meissner:85,
   AUTHOR = {{M}eissner, {R}. and {S}t\"umpel, {H.} and {T}heilen, {F}},
   TITLE = {Shear wave studies in shallow sediments},
   BOOKTITLE = {Seismic shear waves, part {B}: {A}pplications},
   PUBLISHER = { {G}eophysical {P}ress},
   EDITOR = {{D}ohr, {G.P.}},
   ADDRESS = { {L}ondon-{A}msterdam},
   VOLUME = {15B},
   YEAR = 1985,
   PAGES = {224--253} }


@incollection{meissner:86,
   AUTHOR = {Meissner, R. and Theilen, F.},
   TITLE = {Experimental studies of the absorption of seismic waves},
   BOOKTITLE = {{DGMK}-Project: {A}bsorption of seismic waves},
   EDITORS = {Burkhardt, H. and Pfaffenholz, J. and Sch"utt, R.},
   VOLUME = 254,
   PUBLISHER = {{G}erman {S}ociety for {P}etroleum and {C}oal {C}hemistry},
   ADRESS = {{H}amburg},
   YEAR = 1986,
   PAGES = {5--55} }

@techreport{meissner:90,
   AUTHOR = {{M}eissner, {R.} and {H}uneke, {H.} and {K}irsch, R. 
             and {R}abbel, {W.} and {S}t"umpel, {H.} and {W}ende, {S.}},
   TITLE = {{E}ntwicklung eines seismischen {P}rospektionsverfahrens
            zur {E}rkundung oberfl"achennaher {G}rundwasserstauer an
            {D}eponiestandorten},
   INSTITUTION = { {U}niversit"at {K}iel},
   TYPE = {{A}bschlu"sbericht},
   NOTE = {{U}mweltbundesamt, {F}"orderkennzeichen {N}r. 1470445},
   YEAR = 1990 }

@book{menahem:81,
   AUTHOR = {Ben-Menahem, A.B. and Singh, S.J.},
   TITLE = { Seismic Waves and Sources},
   PUBLISHER = {Springer Verlag, New York, Heidelberg \& Berlin},
   YEAR = 1981 }
   

@article{milkereit:86,
	AUTHOR = {{M}ilkereit, {B.} and {S}t"umpel, {H.} and {R}abbel, {W.}},
	TITLE = {Shear-wave reflection profiling for near-surface 
                 lignite exploration},
	JOURNAL = GP,
	YEAR = 1986,
	VOLUME = 34,
	PAGES = {845--855}  }

@article{milkereit:92,
	AUTHOR = {{M}ilkereit, {B.} and Green, A. and Sudbury Working Group},
	TITLE = {Deep geometry of the Sudbury Structure from seismic
                 reflection profiling},
	JOURNAL = G,
	YEAR = 1992,
	VOLUME = 20,
	PAGES = {807--811}  }

@article{milkereit:94a,
	AUTHOR = {{M}ilkereit, {B.} and White, D. and Green, A.},
	TITLE = {Towards an improved seismic imaging technique for crustal
                 structure: the Lithoprobe Sudbury experiment},
	JOURNAL = GRL,
	YEAR = {1994a},
	VOLUME = 21,
	PAGES = {927--930}  }

@article{milkereit:94b,
	AUTHOR = {{M}ilkereit, {B.} and Green, A. and Wu, J. and
                  White, D. and Adam, E.},
	TITLE = {Integrated seismic and borehole geophysical study of the
                 Sudbury igneous complex},
	JOURNAL = GRL,
	YEAR = {1994b},
	VOLUME = 21,
	PAGES = {931--934}  }


@article{milkereit:97,
	AUTHOR = {{M}ilkereit, {B.} and Eaton, D.},
	TITLE = {Imaging and Interpreting the shallow crystalline crust},
	JOURNAL = {Tectonophysics},
	YEAR = 1997,
	VOLUME = 00,
	PAGES = {1--14}  }

@book{mitchell:69,
   AUTHOR = {Mitchell, A.R. },
   TITLE = {Computational Methods in Partial Differential Equations},
   PUBLISHER = {John Wiley and Sons},
   YEAR = 1969,
   ADDRESS = {London, New York, Sydney, Toronto}}

@book{moczo:04,
   AUTHOR = {Moczo, P. and Kristek, J. and Halada, L.},
   TITLE = {The {F}inite-{D}ifference {M}ethod for {S}eismologists. {A}n {I}ntroduction},
   PUBLISHER = {Comenius University, Bratislava},
   YEAR = 2004}

@book{morse:53,
   AUTHOR = {Morse, P.M. and Feshbach, H. },
   TITLE = {Methods of theoretical physics},
   PUBLISHER = {McGraw-Hill Book Company, New York},
   YEAR = 1953 }

@mastersthesis{morgenstern:96,
	AUTHOR = {Morgenstern, K.},
        TITLE = {Seismische Modellierung von Wellenfronten mit 
                 Finiten Differenzen},
        SCHOOL = {{U}niversit"at Kiel},
        YEAR = {1996} }
@article{mora:87,
	AUTHOR = {Mora, P.},
	TITLE = {Nonlinear two-dimensional elastic inversion of multioffset seismic data},
	JOURNAL = {Geophysics},
	YEAR = 1987,
	VOLUME = 52,
	PAGES = {1211 - 1228}  }
	
@article{mueller:68,
	AUTHOR = {M"uller, G.},
	TITLE = {Theoretical Seismograms for some types of Point-sources in 
                layered media-- {P}art {III}: Single force and dipole sources 
                of arbitrary orientation},
	JOURNAL = {Zeitschrift f"ur Geophysik},
	YEAR = 1968,
	VOLUME = 34,
	PAGES = {347 - 371}  }

@article{mueller:83,
   AUTHOR = {{M}\"uller, {G.}},
   TITLE = {{R}heological properties and velocity dispersion of a medium
	   with power-law dependence of {Q} on frequency},
   JOURNAL = {{J}ournal of {G}eophysics},
   YEAR = 1983,
   VOLUME = 54,
   PAGES = {20--29} }

@article{mueller:85,
   AUTHOR = {{M}\"uller, {G.}},
   TITLE = {{T}he reflectivity method: a tutorial},
   JOURNAL = {{J}ournal of {G}eophysics},
   YEAR = 1985,
   VOLUME = 58,
   PAGES = {153--174} }

@article{mufti:89,
	AUTHOR = {Mufti, I.R. and Fou, J.T.},
	TITLE = {Interpretation of complex structure by 3-{D} seismic modeling},
	JOURNAL = LE,
	YEAR = 1989,
	PAGES = {20--26}  }

@article{mufti:90,
	AUTHOR = {Mufti, I.R.},
	TITLE = {Large-scale three-dimensional seismic models and their 
		interpretive significance},
	JOURNAL = Geo,
	YEAR = 1990,
	VOLUME = 55,
	NUMBER = 9,
	PAGES = {1166--1182}  }

@article{murphy:83,
   AUTHOR = {Murphy, W.M.},
   TITLE = {Effects of partial water saturation on attenuation in {M}assillon
            sandstone and {V}ycor porous glass},
   JOURNAL = JASA,
   VOLUME = 71,
   YEAR = 1983,
   PAGES = {1458--1486}  }

@article{myczkowski:91,
   AUTHOR = {Myczkowski, J. and McCowan, D. and Mufti, I.},
   TITLE = {Finite- difference seismic modeling in real time},
   JOURNAL = LE,
   YEAR = 1991,
   PAGES = {49--52}  }

@article{neep:96,
   AUTHOR = {{N}eep, {J.P.}  and {S}ams, {M.S.} and {W}orthington, {M.H.}
            and {O'H}ara-Dhand, {K.A.}},
   TITLE = {{M}easurement of seismic attenuation from high-resolution
            crosshole data},
   JOURNAL = Geo,
   VOLUME = 61,
   NUMBER = 4,
   YEAR = 1996,
   PAGES = {1175--1188}  }

@article{neill:79,
   AUTHOR = {O' Neill, {M.E.}  and Hill, {D.P.}},
   TITLE = {Causal Absorption: Its Effects on Synthetic Seismograms
            Computed by the Reflectivity Method},
   JOURNAL = BSSA,
   VOLUME = 69,
   YEAR = 1979,
   PAGES = {17}  }

@article{neil:99,
   author={Neil, D.M. and Haramy, K.Y. and Hanson, D.H. and Descour, J.M},
   year={1999},
   title={Tomography to Evaluate Site Conditions during Tunneling},
   journal={3rd National Conference of the GeoInstitute of ASCE Geo-Engineering for Underground Facilities, Univ. lllininois-Urbana},
   volume={Proceedings of Geo-lnstitute. 99},
   pages={13-17}}



@article{nowack:92,
   AUTHOR = {Nowack, {R.L.}},
   TITLE = {Wavefronts and solutions of the eikonal equation},
   JOURNAL = GJI,
   VOLUME = 110,
   YEAR = 1992,
   PAGES = {55--62}  }

@book{nur:89,
   EDITOR = {{N}ur, {A.M.} and Wang, {Z.}},
   TITLE = {{S}eismic and acoustic velocities in reservoir rocks},
   PUBLISHER = {{S}ociety of {E}xploration {G}eophysicists, 
		{G}eophysics reprint series},
   ADDRESS = {{H}ouston},
   YEAR = 1989}

@article{ohminato:97,
        AUTHOR = {Ohminato, T. and Chouet, B.A.},
        TITLE = {A free-surface boundary condition for including 3D topography in the
         Finite-Difference method},
        JOURNAL = BSSA,
        YEAR = 1997,
        VOLUME = {87},
        NUMBER = 2,
        PAGES = {494--515}}
 
   @article{operto:04,
   AUTHOR = {{O}perto, {S.} and {R}avaut, {C.} and {I}mprota, {L.} and {V}irieux, {J.} and {H}errero, {A.} and {D}ell'{A}versana, {P.}},
   TITLE = {Quantitative imaging of complex structures from dense wide-aperture seismic data by multiscale traveltime and waveform
   inversions: a case study},
   JOURNAL = {Geophysical Prospecting},
   YEAR = 2004,
   VOLUME = 52,
   PAGES = {625--651} }


@ARTICLE{oprsal:99,
   author = {I. Oprsal and J. Zahradnik},
   journal = {Geophysics},
   title = {Elastic finite-difference method for irregular grids},
   volume = {64},
   pages = {240-250},
   year ={1999}
}
@article{peng:94,
   AUTHOR = {Peng, {C.} and Toks{\o}z, {M.N.}},
   TITLE = {Optimal absorbing boundary conditions for finite difference
            modeling of acoustic and elastic wave propagation},
   JOURNAL = JASA,
   YEAR = 1994,
   VOLUME = 95,
   PAGES = {733--745} }

@article{petronino:02,
   AUTHOR = {Petronino, L. and Poletto, F.},
   TITLE = {Seismic-while-drilling by using tunnel boring machine noise},
   JOURNAL = Geo,
   YEAR = 2002,
   VOLUME = 67,
   NUMBER = 6,
   PAGES = {1798--1809} }

@article{pica:90,
   AUTHOR = {Pica, {A.} and Diet, {J.P.} and Tarantola, {A.}},
   TITLE = {Nonlinear inversion of seismic reflection data in a laterally invariant medium},
   JOURNAL = {Geophysics},
   YEAR = 1990,
   VOLUME = 55,
	NUMBER = 3,
   PAGES = {284--282} }

@article{pitarka:99,
   AUTHOR = {Pitarka, {A.}},
   TITLE = {3D Elastic Finite-Difference Modeling of Seismic Motion Using Staggered Grids with Nonuniform Spacing},
   JOURNAL = BSSA,
   YEAR = 1999,
   VOLUME = 89,
	NUMBER = 1,
   PAGES = {54--68} }

@book{pipkin:86,
   AUTHOR = {Pipkin, A. C.},
   TITLE = {Lectures on viscoelastic theory},
   PUBLISHER = {Springer Verlag},
   YEAR = 1986 }

@article{prasad:92,
   AUTHOR = {{P}rasad, {M.} and {M}eissner, {R.}},
   TITLE = {{A}ttenuation mechanisms in sands: {L}aboratory versus theoretical
	   ({B}iot) data},
   JOURNAL = {Geophysics},
   YEAR = 1992,
   VOLUME = 57,
   NUMBER = 5,
   PAGES = {710--719} }
   
@article{prattworth:90,
   AUTHOR = {{P}ratt, {R.G.} and {W}orthington, {M.H.}},
   TITLE = {Inverse theory applied to multi-source cross-hole tomography. {P}art {I}:
            Acoustic wave equation method},
   JOURNAL = {Geophysical Prospecting},
   YEAR = 1990,
   VOLUME = 38,
   PAGES = {287--310} }

@article{pratt:90,
   AUTHOR = {{P}ratt, {R.G.}},
   TITLE = {Inverse theory applied to multi-source cross-hole tomography. {P}art {II}:
            Elastic wave-equation method},
   JOURNAL = {Geophysical Prospecting},
   YEAR = 1990,
   VOLUME = 38,
   PAGES = {311--329} }

@article{martin:06,
   AUTHOR = {{M}artin, {G.S.} and {W}iley, {R.} and {M}arfurt, {K.J.}},
   TITLE = {{M}armousi2 - {A}n elastic upgrade for {M}armousi},
   JOURNAL = {The Leading Edge},
   YEAR = 2006,
   VOLUME = 25,
   PAGES = {156--166} }

@article{pratt:98,
   AUTHOR = {{P}ratt, {R.G.} and {S}hin, {C.} and {H}icks, {G.J.}},
   TITLE = {{G}auss-{N}ewton and full {N}ewton methods in frequency domain seismic 
             waveform inversion.},
   JOURNAL = {Geophysical Journal International},
   YEAR = 1998,
   VOLUME = 133,
   PAGES = {341--362} }
   
@article{pratt:99,
   AUTHOR = {{P}ratt, {R.G.}},
   TITLE = {Seismic waveform inversion in the frequency domain, {P}art 1:
            {T}heory and verification in a physical scale model},
   JOURNAL = {Geophysics},
   YEAR = 1999,
   VOLUME = 64,
   PAGES = {888--901} }

@article{pratt:99a,
   AUTHOR = {{P}ratt, {R.G.} and {S}hipp, {R.M.}},
   TITLE = {Seismic waveform inversion in the frequency domain, {P}art 2:
            {F}ault delineation in sediments using crosshole data},
   JOURNAL = {Geophysics},
   YEAR = 1999,
   VOLUME = 64,
   PAGES = {902--914} }

@inproceedings{prattgao:2002,
   AUTHOR = {Pratt, {R.G.} and Gao, {F.} and Zelt, {C.} and Levander, {A.}},
   TITLE = {The limits and complementary nature of traveltime and waveform tomography},
   MEETING = {{I}nternational {C}onference of {S}ub-basalt imaging},
   BOOKTITLE={{I}nternational {C}onference of {S}ub-basalt imaging, Expanded    
             Abstracts},
    ADDRESS = {{C}ambridge, {E}ngland},
   YEAR = {2002},
   PAGES = {181--182} }

@inproceedings{pratt:2004,
   AUTHOR = {Pratt, {R.G.}},
   TITLE = {Velocity models from frequency-domain waveform tomography: Past, present and future.},
   MEETING = {66th EAGE conference and exhibition},
   BOOKTITLE={66th EAGE conference and exhibition, Expanded    
             Abstracts},
    ADDRESS = {{P}aris, {F}rance},
   YEAR = {2004},
   PAGES = {181--182} }

@article{pratt:2007,
   AUTHOR = {{P}ratt, {R.G.} and {H}uang, {L.} and {D}uric, {N.} and {L}ittrup, {P.}},
   TITLE = {Sound-speed and attenuation imaging of breast tissue using waveform tomography of transmission ultrasound data},
   MEETING = {Proceedings of the {SPIE}},
   BOOKTITLE={{M}edical {I}maging 2007: {P}hysics of {M}edical Imaging},
   YEAR = {2007},
 }
   
@book{press:94,
   AUTHOR = {Press, {W.H.} and Teukolsky, {S.A.} and Vetterling, {W.T.}
            and Flannery, {B.P.}},
   TITLE = {{N}umerical {R}ecipes in {C} -- {T}he {A}rt of {S}cientific {C}omputing},
   PUBLISHER = {Cambridge {U}niversity {P}ress},
   YEAR = 1994 }

@phdthesis{rabbel:87,
	AUTHOR = {Rabbel, W.},
        TITLE = {Seismische Erkundung oberfl"achennaher St"orzonen:
                 Strahlentheoretische Grundlagen und Feldbeispiele},
        SCHOOL = {Kiel {U}niversity},
        YEAR = {1987} }

@book{raven:87,
   AUTHOR = {Raven, {F.H}},
   TITLE = {{A}utomatic {C}ontrol {E}ngineering},
   PUBLISHER = {{M}c{G}raw-{H}ill},
   EDITION = {4th},
   YEAR = 1987 }

@article{randall:88,
	AUTHOR = {Randall, C.J.},
	TITLE = {Absorbing boundary condition for the elastic wave equation},
	JOURNAL = Geo,
	YEAR = 1988,
	VOLUME = 53,
	PAGES = {611--624}  }

@phdthesis{rechenberg:71,
	AUTHOR = {Rechenberg, {I}.},
        TITLE = {Evolutionsstrategie - {O}ptimierung technischer {S}ysteme nach {P}rinzipien der biologischen {E}volution},
        SCHOOL = {{TU} {B}erlin},
        YEAR = {1971} }


@article{reshef:88a,
	AUTHOR = {Reshef, {M.} and Kosloff, {D}. and Edwards, {M.} and Hsiung, {C.}},
	TITLE = {Three-dimensional acoustic modeling by the {F}ourier method},
	JOURNAL = Geo,
	YEAR = 1988,
	VOLUME = 53,
	PAGES = {1175 - 1183}  }
@article{reshef:88b,
	AUTHOR = {Reshef, {M.} and Kosloff, {D}. and Edwards, {M.} and Hsiung, {C.}},
	TITLE = {Three-dimensional elastic modeling by the {F}ourier method},
	JOURNAL = Geo,
	YEAR = 1988,
	VOLUME = 53,
	PAGES = {1184 - 1193}  }

@article{reynolds:78,
   AUTHOR = {Reynolds, A.C.},
   TITLE = {Boundary conditions for the numerical solution of 
	    wave propagation problems},
   JOURNAL = Geo,
   YEAR = 1978,
   VOLUME = 43,
   NUMBER = 6,
   PAGES = {1099--1110}  }

@book{richtmyer:67,
   AUTHOR = {Richtmyer, {R.D.} and Morton, {K.W.}},
   TITLE = {Difference methods for initial value problems},
   PUBLISHER = {Interscience Publishers, New York},
   YEAR = 1967}

@article{ricker:53,
   author={Ricker, N.},
   year={1953},
   title={The form and laws of propagation of seismic wavelets},
   journal={Geophysics},
   volume={18},
   number={1},
   pages={10-40} }

@inproceedings{roberts:05,
   author={Roberts, {M.}},
   year={2005},
   title={A line source to point source transform for seismograms},
   booktitle={Lithos Science Report},
   volume={7},
   pages={49--52} }
   
@inproceedings{robertsson:94b,
   AUTHOR = {Robertsson, {J.O.A} and Blanch, {J.O.} and 
             Levander, {A.} and Symes, {W.W.}},
   TITLE = {{3-D} {V}iscoelastic {F}inite {D}ifference {M}odeling},
   MEETING = SEG,
   BOOKTITLE={64th Annual Internat. Mtg., Soc. Expl. Geophys., Expanded    
             Abstracts},
    ADDRESS = {{W}ashington, {D.C.}},
   YEAR = {1994},
   PAGES = {994--997} }

@article{robertsson:94,
   AUTHOR = {Robertsson, {J.O.A} and Blanch, {J.O.} and Symes,
             {W.W.}},
   TITLE = {Viscoelastic finite-difference modeling},
   JOURNAL = {Geophysics},
   YEAR = {1994},
   VOLUME = 59,
   NUMBER = 9,
   PAGES = {1444--1456} }

@ARTICLE{robertsson:96,
   author = {J. O. A. Robertsson},
   journal = {Geophysics},
   title = {A numerical free-surface condition for elastic/viscoelastic
            finite-difference modeling in the presence of topography},
   volume = {61},
   pages = {1921-1934},
   year ={1996}
}

@ARTICLE{rosenbrock:60,
   author = {Rosenbrock, {H.H.}},
   journal = {The {C}omputer {J}ournal},
   title = {An automatic method for finding the greatest or least value of a function},
   volume = {3},
   pages = {175--184},
   year ={1960}
}

@ARTICLE{courant:28,
   author = {Courant, {R.} and Friedrichs, {K.} and Lewy, {H.}},
   journal = {Mathematische Annalen},
   title = {{\"U}ber die partiellen {D}ifferenzen\-gleichungen der mathematischen {P}hysik},
   volume = {100},
   pages = {32-74},
   year ={1928}
}

@ARTICLE{courant:67,
   author = {Courant, {R.} and Friedrichs, {K.} and Lewy, {H.}},
   journal = {IBM Journal},
   title = {On the partial difference equations of mathematical physics},
   pages = {215-234},
   year ={March 1967}
}

@conference{robertsson:95,
   AUTHOR = {Robertsson, {J.O.A} and 
             Levander, {A.} and Symes, {W.W.} and Holliger, {K.H.}},
   TITLE = {A comparative study of free-surface boundary conditions
            for finite-difference simulation of elastic/viscoelastic
            wave propagation},
   MEETING = SEG,
   ADDRESS = {{H}ouston, Texas},
   YEAR = {1995},
   PAGES = {1277--1280} }


@book{routh:55,
   AUTHOR = {{R}outh, {E.J.}},
   TITLE = {{D}ynamics of a {S}ystem of {R}igid {B}odies. {B}eing
            {P}art II of a {T}reatise on the {W}hole {S}ubject.},
   PUBLISHER = {{D}over {P}ublications, {I}nc.},
   EDITION = {7th (1st 1860)},
   YEAR = 1955 }

@article{saenger:00,
        AUTHOR = {Saenger, E.H. and Gold, N. and Shapiro, S.A.},
        TITLE = {Modeling the propagation of elastic waves using a modified
        finite-difference grid},
        JOURNAL = {Wave Motion},
        YEAR = 2000,
        VOLUME = {31},
        NUMBER = 1,
        PAGES = {77--92}}

@article{saenger:03,
        AUTHOR = {Saenger, E.H. and Bohlen, T.},
        TITLE = {Finite-Difference modeling of viscoelastic and 
	         anisotropic wave propagation using the rotated staggered grid},
        JOURNAL = Geo,
        YEAR = 2003,
        VOLUME = {submitted}}

@inbook{saenger:02a,
        AUTHOR = {S"anger, E.H. and Bohlen, T.},
        TITLE = {Modeling of viscoelastic wave propagation in fractured media},
        booktitle={Ann. Internat. Mtg},
        publisher={Mtg. Eur. Ass. Explor. Geophys.},
        pages={?},
        YEAR = 2002 }

@inbook{saenger2002EAGEvs,
author={Saenger, E. H. and Bohlen, T.},
year={2002},
title={Viscoelastic Finite-Difference Modeling Using 
       the Rotated Staggered Grid},
booktitle={64st Mtg.},
publisher={Eur. Assn. Geosci. Eng.},
pages={C025}
}
@inbook{saenger2002SEGvs,
author={Saenger, E. H. and  Bohlen, T.},
year={2002},
title={{3D} finite-difference modeling of viscoelastic and anisotropic 
       wave propagation using the rotated staggered grid},
editor={},
booktitle={},
publisher={72st Ann. Internat. Mtg, Soc. of Expl. Geophys.},
pages={SM P1.5}}

@article{samec:92,
   AUTHOR = {Samec, P. and Blangy, J.P.},
   TITLE = {Viscoelastic attenuation, anisotropy and AVO},
   JOURNAL = {Geophysics},
   YEAR = 1992,
   VOLUME = 57,
   PAGES = {441--450} }

@article{savage:67,
   AUTHOR = {Savage, J.C. and Hasegawa, H.S.},
   TITLE = {Evidence for a linear attenuation mechanism},
   JOURNAL = {Geophysics},
   YEAR = 1967,
   VOLUME = 33,
   PAGES = {1003} }
   
@phdthesis{schaefer2014,
  title={Application of full-waveform inversion to shallow-seismic Rayleigh waves on 2D structures},
  author={Sch\"afer, Martin},
  school={Karlsruhe Institute of Technology (KIT)},
  year={2014}
}

@article{schaefer2014a,
  title={Line-source simulation for shallow-seismic data. Part 2: full-waveform inversion—a synthetic 2-D case study},
  author={Sch{\"a}fer, M and Groos, L and Forbriger, T and Bohlen, T},
  journal={Geophysical Journal International},
  volume={198},
  number={3},
  pages={1405--1418},
  year={2014},
  publisher={Oxford University Press}
}

@mastersthesis{scheele:96,
   AUTHOR = {Scheele, {M}.},
   TITLE = {{M}odellierung seismischer {W}ellenausbreitung in 
            anelastischen {M}edien mit {F}inite {D}ifferenzen {V}erfahren},
   SCHOOL = {{U}niversity {H}amburg},
   YEAR = {1996} }

@article{schuster:01,
   AUTHOR = {Schuster, {K.} and Alheid, {H.-J.} and Boddener, {D.}},
   TITLE = {Seismic investigation of the Excavation damaged zone in Opalinus Clay},
   JOURNAL = {Engineering Geology},
   YEAR = 2001,
   VOLUME = 61,
   NUMBER = 2,
   PAGES = {189--197} }

@book{schoen:83,
   AUTHOR = {{S}ch\"on, {J.}},
   TITLE = {{P}etrophysik},
   PUBLISHER = {{F}erdinand {E}nke {V}erlag {S}tuttgart},
   YEAR = 1983 }

@phdthesis{schwefel:74,
	AUTHOR = {Schwefel, {H.}{P.}},
  TITLE = {Numerische {O}ptimierung von {C}omputermodellen},
  SCHOOL = {{TU} {B}erlin},
  YEAR = {1974} }

@book{sheriff:83,
   AUTHOR = {Sheriff, {K.H.} and Geldart, L.P.},
   TITLE = {Exploration seismology},
   PUBLISHER = {{C}ambridge {U}niversity {P}ress},
   YEAR = 1983 }

@book{sheriff:92,
   AUTHOR = {Sheriff, {R.E.}},
   TITLE = {Reservoir Geophysics},
   PUBLISHER = {Investigation in Geophysics, Volume 7},
   YEAR = 1992 }

@article{shin:01,
   AUTHOR = {Shin, {C.} and Yoon, {K.} and Marfurt, {K.J.} and Park, {K.} and Yang, {D.} and Lim, {H.Y.} and Chung, {S.} and Shin, {S.}},
   TITLE = {Efficient calculation of a partial-derivative wavefield using reciprocity for seismic imaging and inversion},
   JOURNAL = {Geophysics},
   YEAR = 2001,
   VOLUME = 6,
   PAGES = {1856--1863} }
   
@article{shin:06,
   AUTHOR = {Shin, {C.} and Min, {D.-J.}},
   TITLE = {Waveform inversion using a logarithmic wavefield},
   JOURNAL = {Geophysics},
   YEAR = 2006,
   VOLUME = 3,
   PAGES = {R31--R42} }
   
@conference{simone:96,
   AUTHOR = {Simone, {A.}},
   TITLE = {Optimal absorbing boundary condition in 2-D finite difference
             elastic wave modeling. Empirical study and comparison with
             exponential damping},
   BOOKTITLE = SEG,
   ADDRESS = {Denver},
   YEAR = {1996},
   PAGES = {678--681} }

@conference{sirgue:08,
   AUTHOR = {Sirgue, {L.} and Etgen, {J.}{T.} and Albertin, {U.}},
   TITLE = {3D frequency domain waveform inversion using time domain finite difference methods},
   BOOKTITLE = EAGE,
   ADDRESS = {ROME},
   YEAR = {2008},
   PAGES = {F022} }

@article{sochacki:87,
   AUTHOR = {Sochacki, {J.} and Kubichek, {R.} and George, {J.} and 
             Fletcher, {W.R.} and Smithson, {S.}},
   TITLE = {Absorbing boundary condition and surface waves},
   JOURNAL = Geo,
   YEAR = 1987,
   VOLUME = 52,
   PAGES = {60--71} }

@article{spencer:81,
   AUTHOR = {Spencer, J.W.},
   TITLE = {Stress, relaxations at low frequencies in fluid-saturated rocks:
            {A}ttenuation and modulus dispersion},
   JOURNAL = JGR,
   YEAR = 1981,
   VOLUME = 86,
   PAGES = {1803--1812} }

@article{spencer:82,
   AUTHOR = {Spencer, J.W. and Sonnad, J.R. and Butler, T.M.},
   TITLE = {Seismic Q -- Stratigraphy or dissipation},
   JOURNAL = Geo,
   YEAR = 1982,
   VOLUME = 47,
   PAGES = {16--24} }

@article{stacey:75,
   AUTHOR = {Stacey, F.D. and Gladwin, M.T. and McKavanagh, B. and Linde, A.T. and Hastic, L.M.},
   TITLE = {Anelastic damping of acoustic and seismic pulses},
   JOURNAL = {Geophys. Surveys},
   YEAR = 1975,
   VOLUME = 2,
   PAGES = {133--151} }

@article{stacey:88,
   AUTHOR = {Stacey, {R}},
   TITLE = {Improved transparent boundary formulations for the elastic wave
            equations},
   JOURNAL = BSSA,
   YEAR = 1988,
   VOLUME = 78,
   PAGES = {2089--2097} }

@article{stephen:84,
   AUTHOR = {Stephen, {R.A.}},
   TITLE = {A comparison of finite difference and reflectivity
            seismograms for marine models},
   JOURNAL = GJRAS,
   YEAR = 1984,
   VOLUME = 72,
   PAGES = {39--57} }

@article{stuempel:84,
   AUTHOR = {St"umpel, {H}. and K"ahler, {S.} and Mei"sner, {R.} and 
             Milkereit, {B.}},
   TITLE = {The use of seismic shear waves and compressional waves 
            for lithological problems of shallow sediments},
   JOURNAL = GP,
   YEAR = 1984,
   VOLUME = 32,
   PAGES = {662--675} }

@phdthesis{stuempel:87,
	AUTHOR = {St"umpel, {H}.},
        TITLE = {Entwicklung einer digitalen {D}atenerfassungsanlage
                 f"ur oberfl"achennahe seismische {R}egistrierungen
                 und ihre {A}nwendung im {F}eldbetrieb},
        SCHOOL = {{U}niversit"at Kiel},
        YEAR = {1987} }

@inbook{schneider:97,
	AUTHOR = {Schneider, T.R.},
        TITLE = {{Gotthard-Basistunnel: Neue geologische Erkenntnisse im Bereich des 
	        Tavetscher Zwischenmassivs und der  Piora-Mulde}},
        BOOKTITLE = {Dokumentation D 0143},
	PUBLISHER = {Schweizerischer Ingenieur- und Architekten-Verein},
        YEAR = {1997} }

@article{sheen:06,
   AUTHOR = {Sheen, {D.-H.} and Tuncay, {K.} and Baag, {C.-E.} and Ortoleva, {P.J.}},
   TITLE = {Time domain {G}auss-{N}ewton seismic waveform inversion in elastic media},
   JOURNAL = {Geophys. J. Int.},
   YEAR = 2006,
   VOLUME = 167,
   PAGES = {1373--1384} }
	
@article{shipp:02,
   AUTHOR = {Shipp, {R.M.} and Singh, {S.C.}},
   TITLE = {Two-dimesional full wavefield inversion of wide-aperture marine seismis streamer data},
   JOURNAL = {Geophys. J. Int.},
   YEAR = 2002,
   VOLUME = 151,
   PAGES = {325--344} }

@phdthesis{tonn:88,
   AUTHOR = {{T}onn, {R}.},
   TITLE = {{D}ie {B}estimmung der seismischen {G}"ute {Q} -- ein {V}ergleich unterschiedlicher {B}erechnungsmethoden},
   SCHOOL = {{U}niversity {K}iel},
   YEAR = {1988} }

   @article{sourbier:09,
   AUTHOR = {{S}ourbier, {F.} and {O}perto, {S.} and {V}irieux, {J.} and {A}mestoy, {P.} and {L}'{E}xcellent, {J.-Y.}},
   TITLE = {{FWT2D}: a massively parallel program for frequency domain Full-Waveform Tomography of wide-aperture seismic data - Part 1: algorithm},
   JOURNAL = {{C}omputer \& {G}eosciences},
   YEAR = 2009,
   VOLUME = 35,
   PAGES = {487--496} }

   @article{sourbier:09b,
   AUTHOR = {{S}ourbier, {F.} and {O}perto, {S.} and {V}irieux, {J.} and {A}mestoy, {P.} and {L}'{E}xcellent, {J.-Y.}},
   TITLE = {{FWT2D}: a massively parallel program for frequency domain Full-Waveform Tomography of wide-aperture seismic data - Part 2: numerical examples and scalability analysis},
   JOURNAL = {{C}omputer \& {G}eosciences},
   YEAR = 2009,
   VOLUME = 35,
   PAGES = {496--514} }

@article{stuempel:95,
   AUTHOR = {St"umpel, {H}. and Demirel, {F.} and Lorra, {S.} and 
             Wende, {S.}},
   TITLE = {Geophysikalische Messungen im Umfeld von Milet 1993},
   JOURNAL = AA,
   YEAR = 1995,
   PAGES = {245ff} }

@article{stuempel:97,
   AUTHOR = {St"umpel, {H}. and Bruhn, C. and Demirel, {F.} and 
             and Gr"aber, M. and Panitzki, M. and Rabbel, {W.}},
   TITLE = {Stand der geophysikalischen Messungen im Umfeld von Milet},
   JOURNAL = AA,
   YEAR = 1997,
   PAGES = {124ff} }

@article{tonn:89,
   AUTHOR = {{T}onn, {R}.},
   TITLE = {Comparison of seven methods for the computation of {Q}},
   JOURNAL = PEPI,
   YEAR = 1989,
   VOLUME = 55,
   PAGES = {259--268} }

@article{tsingas:90,
	AUTHOR = {Tsingas, {C.} and Vafidis, {A.} and Kanasewich, {E.R.}},
	TITLE = {Elastic wave propagation in transversly isotropic media 
                using finite differences},
	JOURNAL = GP,
	YEAR = 1990,
	VOLUME = 38,
	PAGES = {933 - 949}  }

@article{ursin:90,
   author={Ursin, B.},
   year={1990},
   title={Offset-dependent geometrical spreading in a layered medium (short 
          note)},
   journal={Geophysics},
   volume={55},
   number={4},
   pages={492-496}}

@article{vafidis:92,
	AUTHOR = {Vafidis, A. and Abramovici, F. and Kanasewich, E.R.},
	TITLE = {Elastic wave propagation using fully vectorized, high-order 
                finite-difference algorithms},
	JOURNAL = Geo,
	YEAR = 1992,
	VOLUME = 57,
	PAGES = {218 - 232}  }

@article{vidale:86,
   AUTHOR = {Vidale, {J.E.} and Clayton, {R.W.}},
   TITLE = {A stable free-surface boundary condition for two-dimensional
            elastic finite-difference wave simulation},
   JOURNAL = {Geophysics},
   YEAR = 1986,
   VOLUME = 51,
   PAGES = {2247--2249} }

@inproceedings{vidale:87,
   AUTHOR = {Vidale, {J.} and Helmberger, {D.}},
   TITLE = {Path effects in strong motion seismology},
   BOOKTITLE = {Seismic Strong Motion Synthetics},
   EDITOR = {Bolt, {B.}},
   ADDRESS = {{A}cademic {P}ress, {N}ew {Y}ork},
   YEAR = 1987,
   PAGES = {267--308} }

@article{vidale:90,
   AUTHOR = {Vidale, {J.E.}},
   TITLE = {Finite difference calculation of traveltimes in three
            dimensions},
   JOURNAL = Geo,
   YEAR = 1990,
   VOLUME = 55,
   NUMBER = 5,
   PAGES = {521--526} }

@article{vidale:88,
   AUTHOR = {Vidale, {J.E.}},
   TITLE = {Finite-difference calculation of travel times},
   JOURNAL = BSSA,
   YEAR = 1988,
   VOLUME = 78,
   NUMBER = 6,
   PAGES = {2062--2076} }

@article{virieux:84,
   AUTHOR = {Virieux, {J.}},
   TITLE = {{SH}-wave propagation in heterogeneous media: 
	    Velocity-stress finite-difference method},
   JOURNAL = {Geophysics},
   YEAR = 1984,
   VOLUME = 49,
   NUMBER = 11,
   PAGES = {1933--1957} }

@article{virieux:86,
   AUTHOR = {Virieux, {J.}},
   TITLE = {{P-SV} wave propagation in heterogeneous media: 
	    velocity-stress finite-difference method},
   JOURNAL = {Geophysics},
   YEAR = 1986,
   VOLUME = 51,
   NUMBER = 4,
   PAGES = {889--901} }

@article{wang:99,
   author    = {Wang, R.},
   title     = {A simple orthonormalization method for stable and
efficient computations of Green's functions},
   journal   = BSSA,
   year      = 1999,
   volume    = 89,
   pages={733-741},
   number={3},
}
@article{wapenaar:92,
   author={Wapenaar, C. P. A. and  Verschuur, D. J. and  Herrmann, P.},
   year={1992},
   title={Amplitude preprocessing of single- and multicomponent seismic data},
   journal={Geophysics},
   volume={57},
   number={9},
   pages={1178-1188}}

@article{waterman:69,
   author={Waterman, P.},
   year={1969},
   title={New formulation of acoustic scattering},
   journal= JASA,
   volume={45},
   pages={1417-1429}}

@book{waters:78,
   AUTHOR = {Waters, {K.H.}},
   TITLE = {Reflection seismology},
   PUBLISHER = {{J}ohn {W}iley \& {S}ons, {I}nc.},
   YEAR = 1978 }

@article{white:92,
   AUTHOR = {White, {R.E.}},
   TITLE = {The accuracy of estimating Q from seismic data},
   JOURNAL = {Geophysics},
   YEAR = 1992,
   VOLUME = 57,
   NUMBER = 11,
   PAGES = {1508--1511} }

@phdthesis{wiederhold:86,
   AUTHOR = {{W}iederhold, {H}.},
   TITLE = {{B}estimmung der {A}bsorption seismischer {W}ellen aus vertikalen
	    seismischen {P}rofilen},
   SCHOOL = {{U}niversity {K}iel},
   YEAR = {1986} }

@article{winkler:82,
   AUTHOR = {Winkler, {K.W.} and Nur, A.},
   TITLE = {Seismic attenuation: Effects of pore fluids and frictional sliding},
   JOURNAL = {Geophysics},
   YEAR = 1982,
   VOLUME = 47,
   PAGES = {1--15} }


@inproceedings{wu:89,
   AUTHOR = {Wu, R.S.},
   TITLE = {Seismic wave scattering},
   BOOKTITLE = {Encyclopedia of Solid Earth Geophysics},
   EDITOR = {James, {D.E.}},
   YEAR = 1989,
   PAGES = {1166--1187} }

@article{wuenschel:65,
   AUTHOR = {W"unschel, {P.C.}},
   TITLE = {Dispersive body waves - an experimental study},
   JOURNAL = {Geophysics},
   YEAR = 1965,
   VOLUME = 30,
   NUMBER = 4,
   PAGES = {539--551} }

@phdthesis{zeng:96,
	AUTHOR = {Zeng, X.},
        TITLE = {{F}inite Difference Modeling of Viscoelastic 
                 Wave Propagation
                 in a Generally Heterogeneous Medium in the Time Domain,
                 and a Dissection Method in the Frequency Domain},
        SCHOOL = {{U}niversity of {T}oronto},
        YEAR = {1996} }

@book{zener:48,
   AUTHOR = {Zener, M.},
   TITLE = {Elasticity and anelasticity of metals},
   PUBLISHER = {University of Chicago, Illinois},
   YEAR = 1948}

@article{zahradnik:93,
   AUTHOR = {Zahradnik, J. and Moczo, P. and Hron, F.},
   TITLE = {Testing four elastic finite difference schemes for behaviour
            at discontinuities},
   JOURNAL = BSSA,
   YEAR = 1993,
   VOLUME = 83,
   PAGES = {107--129} }

@article{mosco:02,
   AUTHOR = {Mosco, P. and Kristek, J. and Vavrycuk, V. and Archuleta, R.J. and Halada, L.},
   TITLE = {Heterogeneous staggered-grid finite-difference modeling of seismic motion
             with volume harmonic and arithmetic averaging of elastic moduli and densities},
   JOURNAL = BSSA,
   YEAR = 2002,
   VOLUME = 92,
   NUMBER = 8,
   PAGES = {3042--3066} }

@INCOLLECTION{bracewell:79,
  AUTHOR = {Bracewell, R. N.},
  TITLE = {Image reconstruction in radio astronomy},
  BOOKTITLE = {Image Reconstruction from Projections, Implementation and Applications},
  PUBLISHER = {Springer Berlin},
  YEAR = 1979,
  EDITOR = {Herman, G. T.}, 
  PAGES = {87--104}
}

@ARTICLE{rowbotham:94,
   AUTHOR = "Rowbotham, P. S. and Goulty, N. R.",
   TITLE  = "Wavefield separation by 3-D filtering in crosshole seismic reflection
   processing",
   JOURNAL= "Geophysics",
   YEAR   = "1994",
   VOLUME = "59",
   PAGES  = "1065--1071" 
 }


@ARTICLE{vossen:02,
   AUTHOR = "Vossen, R. and Robertsson, J.O.A. and Chapmann, C.H.",
   TITLE  = "Finite-Difference modeling of wave propagation in a fluid-solid configuration",
   JOURNAL= "Geophysics",
   YEAR   = "2003",
   VOLUME = "67",
   NUMBER = "2",
   PAGES  = "618--624" 
 }

@ARTICLE{walton:72,
   AUTHOR = "Walton, G. G.",
   TITLE  = "Three-dimensional seismic method",
   JOURNAL= "Geophysics",
   YEAR   = "1972",
   VOLUME = "37",
   PAGES  = "417--430" 
 }


  @ARTICLE{vermeer:00,
     AUTHOR = "Vermeer, G. J. O.",
     TITLE  = "Processing with offset-vector-slot gathers",
     JOURNAL= SEG,
     YEAR   = "2000",
     PAGES  = "" 
 }

@book{tarantola:2005,
   AUTHOR = {Tarantola, A.},
   TITLE = {{I}nverse {P}roblem {T}heory},
   PUBLISHER = {SIAM},
   YEAR = 2005}
   
@ARTICLE{tarantola:86,
     AUTHOR = "Tarantola, A.",
     TITLE  = "A strategy for nonlinear elastic inversion of seismic reflection data",
     JOURNAL= "Geophysics",
     VOLUME = "51",
     YEAR   = "1986",
     PAGES  = "1893--1903" 
 }

@ARTICLE{tarantola:84,
     AUTHOR = "Tarantola, A.",
     TITLE  = "Inversion of seismic reflection data in the acoustic approximation",
     JOURNAL= "Geophysics",
     VOLUME = "49",
     YEAR   = "1984",
     PAGES  = "1259--1266" 
}

@ARTICLE{tarantola:84a,
     AUTHOR = "Tarantola, A.",
     TITLE  = "Linearized inversion of seismic reflection data",
     JOURNAL= "Geophysical Prospecting",
     VOLUME = "32",
     YEAR   = "1984",
     PAGES  = "998--1015" 
 }    
   
 @ARTICLE{tarantola:88,
     AUTHOR = "Tarantola, A.",
     TITLE  = "Theoretical Background for the Inversion of Seismic Waveforms, Including Elasticity and Attenuation",
     JOURNAL= "PAGEOPH",
     VOLUME = "128",
     YEAR   = "1988",
     PAGES  = "365--399" 
 }   

@inbook{bohlen:03,
author={Bohlen, T. and Saenger, E. H.},
year={2003},
title={3-D Viscoelastic finite-difference modeling using the rotated staggered grid - tests of
accuracy},
booktitle={65st Mtg.},
publisher={EAGE 65th Conference \& Exhibition, Stavanger, Norway},
pages={}
}

@inbook{giese:03,
author={Borm, G. and Giese, R. and Klose, C. and Mielitz, S. and Otto, P. and
Bohlen, T.},
year={2003},
title={ISIS - Integrated Seismic Imaging System for the geological prediciton ahead in 
underground construction},
booktitle={65st Mtg.},
publisher={EAGE 65th Conference \& Exhibition, Stavanger, Norway},
pages={}
}

@inbook{borm:03,
author={Borm, G. and Giese, R. and Klose, C. and Mielitz, S. and Otto, P. and
Bohlen, T.},
year={2003},
title={{ISIS} - Integrated Seismic Imaging System for the geological prediciton ahead in 
underground construction},
booktitle={65st Mtg.},
publisher={EAGE 65th Conference \& Exhibition, Stavanger, Norway},
pages={}
}


@inproceedings{isrm,
   AUTHOR = {Borm, G. and Giese, R. and Otto, P.},
   TITLE = {Integrated Seismic Imaging System for Geological 
            Prediction Ahead of a Tunnel Construction},
   MEETING = {10th International Congress on Rock Mechanics},
   ADDRESS = {Sandton, South Africa},
   YEAR = {2003}}



@inbook{goertz:03,
author={G\"ortz, A. and M\"uller, Cf. and Buske, S. and L\"uth, S.},
year={2003},
title={Fresnel-volume multicomponent migration},
booktitle={65st Mtg.},
publisher={EAGE 65th Conference \& Exhibition, Stavanger, Norway},
pages={}
}

@article{ashida:01,
   AUTHOR = {Ashida, {Y.}},
   TITLE = {Seismic Imaging ahead of a tunnel face with three-component geophones},
   JOURNAL = {International Journal of Rock Mechanics \& Mining Sciences},
   YEAR = 2001,
   VOLUME = 38,
   PAGES = {823--831} }

@article{falls:98,
   AUTHOR = {Falls, {S.D. and Young, {R. P}}},
   TITLE = {Acoustic emission and ultrasonic - 
   velocity methods used to characterize the excavation disturbance associated with 
   deep tunnels in hard rock},
   JOURNAL = {Tectonophysics},
   YEAR = 1998,
   VOLUME = 289,
   PAGES = {1--15} }
   
@phdthesis{klose:03,
	AUTHOR = {Klose, C.D.},
        TITLE = {Engineering geological rock mass
	characterisation of granitic gneisses based on seismic in-situ 
         measurements},
        SCHOOL = {ETH Z\"urich},
        YEAR = {2003} }
 
@article{xu:99,
   AUTHOR = {Xu, Heming and Day, Steven M. and Minster, Jean-Bernard},
   TITLE = {Two-Dimensional Linear and Nonlinear Wave Propagation in a
            Half-Space},
   JOURNAL = BSSA,
   YEAR = 1999,
   VOLUME = 89,
   NUMBER = 4,
   PAGES = {903--917} }
 
@article{takahashi:95,
   AUTHOR = {Takahashi, T. },
   TITLE = {Prestack migration using arrival angle information},
   JOURNAL = {Geophysics},
   YEAR = 1995,
   VOLUME = 60,
   PAGES = {154--163} }
 
@inproceedings{duveneck:01,
   author={Duveneck, E. and M\"uller, Cf. and Bohlen, T.},
   year={2001},
   title={Imaging of Orebodies with a Polarization Stack Migration},
   meeting= EAGE01,
   pages={Session: M-14}}

@phdthesis{mueller:00,
	AUTHOR = {M\"uller, Cf.},
        TITLE = {On the Nature of Scattering from Isolated Perturbations in 
	         Elastic Media and the Consequences for Processing of Seismic Data},
        SCHOOL = {Kiel {U}niversity},
        YEAR = {2000} }

@book{mueller:07,
author={M\"uller, {G.}},
year={2007},
editor = {Weber, {M.} and Rumpker, {G.} and Gajewski, {D.}},
title={Theory of {E}lastic {W}aves},
publisher={Samizdat Press},
}
        

@article{lorang:05,
	AUTHOR = {Lorang, U.},
	TITLE = {Seismic prediction ahead of tunnel construction using Rayleigh to body wave conversion},
	JOURNAL = {Diplomarbeit Universit\"at Kiel},
	YEAR = 2005 }

@article{randall:91,
   AUTHOR = {Randall, C.J. and Scheibner, D.J. and Wu, P.T.},
   TITLE = {Multipole borehole acoustic waveforms: Synthetic
   logs with beds and borehole washouts},
   JOURNAL = {Geophysics},
   YEAR = 1991,
   VOLUME = 56,
   NUMBER = 11,
   PAGES = {1757--1769} }

@article{wang:03,
   AUTHOR = {Wang, T. and Tang, X.},
   TITLE = {Finite-difference modeling of elastic wave
   propagation: A nonsplitting perfectly layer approach},
   JOURNAL = {Geophysics},
   YEAR = 2003,
   VOLUME = 68,
   NUMBER = 5,
   PAGES = {1749--1755} }

@article{wapenaar:92,
   author={Wapenaar, {C.P.A.} and Verschuur, {D.J.} and Herrmann, {P.}},
   year={1992},
   title={Amplitude preprocessing of single and multicomponent seismic data},
   journal={Geophysics},
   volume={57},
   number={9},
   pages={1178--1188} }

@ARTICLE{versteeg:94,
author = {Versteeg, {R.}},
   journal = {{T}he {L}eading {E}dge},
   title = {The Marmousi experience: Velocity model determination on a complex data set},
   volume = {13},
   pages = {927--936},
   year ={1994}
}

@ARTICLE{zerwer:2000,
author = {Zerwer, {A.} and Polak, {M.A.} and Sanatamarina, {J.C.}},
   journal = {{NDT \& E I}nternational},
   title = {Wave propagation in thin Plexiglas plates: implications for Rayleigh waves},
   volume = {33},
   pages = {33--41},
   year ={2000}
}

@book{nocedal:1999,
   AUTHOR = {Nocedal, J. and Wright, S.J.},
   TITLE = {Numerical Optimization},
   PUBLISHER = {Springer},
   YEAR = 1999}

@inproceedings{choi:2011,
   author={Choi, Y. and Alkhalifah, T.},
   year={2011},
   title={Application of encoded multi-source waveform inversion to marine-streamer acquisition based on the global correlation},
   booktitle= {73rd Ann. Internat. Mtg., Eur. Assn. Geosci. Eng., Expanded Abstracts, Session: F-026}
}

@ARTICLE{choi:2012,
author = {Choi, Y. and Alkhalifah, T.},
   journal = GP,
   title = {Application of multi-source waveform inversion to marine streamer data using the global correlation},
   volume = {60},
   pages = {748--758},
   year ={2012}
}
